=LDR  04323 as a2200973 a 4500
=001  013569509
=003  Uk
=005  20191231194203.0
=007  ta
=008  061005c20079999enkqr\p\\\\\\\0\\\a0eng\\
=FMT  \\$a  SE
=015  \\$aGBA757385$2bnb
=022  0\$a1752-6981
=040  \\$aUk$beng$cUk$dUk
=042  \\$aukblsr
=082  04$a616.24$222
=222  \4$aThe clinical respiratory journal$b(Print)
=245  04$aThe clinical respiratory journal :$bthe official journal of the Nordic Respiratory Academy.
=260  \\$aOxford :$bBlackwell Publishing,$c2007-
=300  \\$av. :$bill. ;$c28 cm.
=310  \\$aQuarterly
=336  \\$atext$2rdacontent
=337  \\$aunmediated$2rdamedia
=338  \\$avolume$2rdacarrier
=362  0\$aVol. 1, issue 1 (Jul. 2007)-
=595  \\$aDSC Print copy Not Selected.
=540  \\$aCurrent Copyright Fee: GBP39.00$c35\0$5Uk
=650  \0$aRespiratory organs$xDiseases$vPeriodicals.
=650  \0$aRespiratory organs$vPeriodicals.
=710  2\$aNordic Respiratory Academy.
=776  0\$tClinical respiratory journal (Online)$x1752-699X
=856  \\$31850-9999$uhttp://onlinelibrary.wiley.com/$xBLDSS
=852  11$aBritish Library$bSTI$k(P)$h616.24$m-E(2)$3Vol. 1, issue 1 (2007)-v. 7, issue 2 (2013)***title now taken as electronic copy only
=852  41$aBritish Library$bSTI$jDigital store
=852  \\$aBritish Library$bDSC$j3286.374350
=945  \\$aClinical respiratory journal
=985  \\$aISSN responsibility transferred to US ISSN Center from ISSN UK Centre, Wiley, Multinational Publisher List, Summer 2017.
=CAT  \\$a11313$b40$c20061005$lBLL01$h1126
=CAT  \\$a8464$b40$c20100824$lBLL01$h1157
=CAT  \\$a8464$b40$c20100824$lBLL01$h1158
=CAT  \\$a8464$b40$c20100824$lBLL01$h1159
=CAT  \\$a8464$b40$c20100824$lBLL01$h1202
=CAT  \\$a5997$b40$c20100922$lBLL01$h1337
=CAT  \\$a5997$b40$c20100922$lBLL01$h1338
=CAT  \\$aBATCH-CLA$b00$c20121109$lBLL01$h1726
=CAT  \\$aWR12_168$c20121206$lBLL01$h1836
=CAT  \\$aBATCH-CLA$b00$c20140125$lBLL01$h1320
=CAT  \\$aBATCH-CLA$c20140225$lBLL01$h2328
=CAT  \\$aWR14_140$c20140905$lBLL01$h1813
=CAT  \\$aBLDSS-3PM$b00$c20141214$lBLL01$h1523
=CAT  \\$aBATCH-UPD$b00$c20150215$lBLL01$h1628
=CAT  \\$aIPL-CLA$c20150228$lBLL01$h2050
=CAT  \\$aBATCH-UPD$b00$c20160413$lBLL01$h1821
=CAT  \\$aW1703-0316$c20170306$lBLL01$h1825
=CAT  \\$aW1703-0316$c20170307$lBLL01$h1648
=CAT  \\$aIPL-CLA$c20170307$lBLL01$h1824
=CAT  \\$a11313$b40$c20170908$lBLL01$h0904
=CAT  \\$aBATCH-UPD$b40$c20180219$lBLL01$h1749
=CAT  \\$aBATCH-UPD$b40$c20181121$lBLL01$h1623
=CAT  \\$aIPL-CLA$c20181231$lBLL01$h1544
=CAT  \\$aR1911-0245$c20191127$lBLL01$h0944
=CAT  \\$aR1911-0245$c20191127$lBLL01$h1045
=CAT  \\$aIPL-CLA$c20191231$lBLL01$h1942
=CFI  0\$aCurrent Copyright Fee: GBP39.00$c35\0$e01-jan-2020$fGBP39.00$g0$hP$5Uk
=CFI  2\$aPrevious copyright fee: GBP28.00$c35\0$e01-jan-2019$fGBP28.00$g0$hP$5Uk
=FFP  \\$aY$bBLDSS-3PM
=FIN  \\$aY$d20070724
=TCO  \\$aCLA$bCLA$c008
=TOC  \\$aETOC
=UNO  \\$aY
=ACF  \\$aPrevious Copyright Fee: GBP22.00$c0$e01-apr-2010$fGBP22.00$g0$hC$5Uk
=ACF  \\$aPrevious Copyright Fee: GBP22.00$c0$e01-Jan-2010$fGBP22.00$g0$hC$5Uk
=ACF  \\$aPrevious Copyright Fee: GBP22.00$c0$e01-oct-2009$fGBP22.00$g0$hC$5Uk
=ACF  \\$aPrevious Copyright Fee: GBP22.00$c0$e01-jul-2009$fGBP22.00$g0$hC$5Uk
=ACF  \\$aPrevious Copyright Fee: GBP22.00$c0$e01-apr-2009$fGBP22.00$g0$hC$5Uk
=ACF  \\$aPrevious Copyright Fee: GBP28.13$c0$e01-jan-2009$fGBP28.13$g0$hC$5Uk
=ACF  \\$aPrevious Copyright Fee: GBP22.50$c0$e01-oct-2008$fGBP22.50$g0$hC$5Uk
=ACF  \\$aPrevious Copyright Fee: GBP22.50$c0$e01-jul-2008$fGBP22.50$g0$hC$5Uk
=ACF  \\$aPrevious Copyright Fee: GBP22.50$c0$e01-apr-2008$fGBP22.50$g0$hC$5Uk
=ACF  \\$aCurrent Copyright Fee: GBP22.00$c0$e01-jul-2010$fGBP22.00$g0$hC$5Uk
=ACF  \\$aPrevious copyright fee: GBP22.00$c10\0$e24-aug-2010$fGBP22.00$g0$hP$5Uk
=ACF  \\$aPrevious copyright fee: GBP24.00$c10\0$e01-mar-2015$fGBP24.00$g0$hP$5Uk
=ACF  \\$aPrevious copyright fee: GBP24.00$c35\0$e07-mar-2017$fGBP24.00$g0$hP$5Uk
=LAS  \\$aIPL-CLA$b00$c20191231$lBLL01$h1942

