=LDR  02854cab a22006857a 4500
=001  012934496
=003  Uk
=005  20211231171714.0
=008  040617s2004\\\\enk\\\\\\\\\\\100\0\eng\\
=FMT  \\$a  BK
=040  \\$aUk$beng$cUk
=CNF  \\$aAmerican Society for Reproductive Immunology (Annual meeting)$n(24th :$d2004 Jun :$cSt Louis, MO)
=245  00$aAmerican Society for Reproductive Immunology :$b24th annual meeting.
=260  \\$aBlackwell,$b2004.
=300  \\$ap. 401-438.
=336  \\$atext$2rdacontent
=337  \\$aunmediated$2rdamedia
=338  \\$avolume$2rdacarrier
=591  \\$aPreprinted abstracts and programme.
=540  \\$aCurrent copyright fee: GBP46.00$c35\0$5Uk
=653  1\$aReproductive immunology
=710  2\$aAmerican Society for Reproductive Immunology.
=856  \\$31850-9999$uhttp://onlinelibrary.wiley.com/$xBLDSS
=852  41$aBritish Library$bSTI$jELD Digital store
=852  41$aBritish Library$bDSC$j0836.500000
=945  \\$aAmerican journal of reproductive immunology, ISSN 1046-7408 ; vol 51 no 6
=CAT  \\$a5896$b40$c20040617$lBLL01$h1423
=CAT  \\$a5896$b40$c20040809$lBLL01$h1453
=CAT  \\$aBATCH-CLA$b00$c20120928$lBLL01$h1830
=CAT  \\$aBATCH-CLA$b00$c20120930$lBLL01$h1035
=CAT  \\$aBATCH-CLA$b00$c20130508$lBLL01$h0720
=CAT  \\$aBATCH-CLA$b00$c20140125$lBLL01$h1303
=CAT  \\$aBATCH-CLA$b00$c20140205$lBLL01$h0048
=CAT  \\$aBATCH-CLA$c20140225$lBLL01$h2321
=CAT  \\$aBATCH-CLA$b00$c20140409$lBLL01$h0145
=CAT  \\$aBLDSS-3PM$b00$c20141214$lBLL01$h1522
=CAT  \\$aBATCH-UPD$b00$c20150215$lBLL01$h1624
=CAT  \\$aIPL-CLA$c20150228$lBLL01$h2047
=CAT  \\$aBATCH-UPD$b00$c20160519$lBLL01$h1937
=CAT  \\$aBATCH-CLA$b00$c20160520$lBLL01$h0112
=CAT  \\$aW1703-0316$c20170306$lBLL01$h1824
=CAT  \\$aW1703-0316$c20170307$lBLL01$h1647
=CAT  \\$aIPL-CLA$c20170307$lBLL01$h1824
=CAT  \\$aBATCH-UPD$b00$c20180219$lBLL01$h1745
=CAT  \\$aBATCH-UPD$b00$c20181121$lBLL01$h1621
=CAT  \\$aBATCH-CLA$b00$c20181122$lBLL01$h0133
=CAT  \\$aBATCH-CLA$b00$c20181122$lBLL01$h0148
=CAT  \\$aIPL-CLA$c20181231$lBLL01$h1541
=CAT  \\$aBATCH-CLA$b00$c20191128$lBLL01$h0119
=CAT  \\$aIPL-CLA$c20191231$lBLL01$h1927
=CAT  \\$aBATCH-CLA$b00$c20211210$lBLL01$h0107
=CAT  \\$aIPL-CLA$c20211231$lBLL01$h1717
=CFI  0\$aCurrent copyright fee: GBP46.00$c35\0$e01-jan-2022$fGBP46.00$g0$hP$5Uk
=CFI  2\$aPrevious Copyright Fee: GBP39.00$c35\0$e01-jan-2020$fGBP39.00$g0$hP$5Uk
=FFP  \\$aY$bBLDSS-3PM
=FIN  \\$aY
=LKR  \\$aANA$b012431989$lBLL01$r773$y2004$v51$i6$mAmerican Society for Reproductive Immunology : 24th annual meeting.$nAMERICAN JOURNAL OF REPRODUCTIVE IMMUNOLOGY.
=TCO  \\$aCLA$bCLA$c008
=UNO  \\$aY
=LAS  \\$aIPL-CLA$b00$c20211231$lBLL01$h1717

