=LDR  03832cab a22008177a 4500
=001  012934523
=003  Uk
=005  20211231171714.0
=008  040617s2004\\\\enk\\\\\\\\\\\100\0\eng\\
=FMT  \\$a  BK
=040  \\$aUk$beng$cUk
=CNF  \\$aEuropean congress of reproductive Immunology$d(2004 Jun :$cPilsen, Czech Republic)
=245  00$aEuropean congress of reproductive Immunology.
=260  \\$aBlackwell,$b2004.
=300  \\$ap. 441-500.
=336  \\$atext$2rdacontent
=337  \\$aunmediated$2rdamedia
=338  \\$avolume$2rdacarrier
=591  \\$aSelected preprinted abstracts and preliminary programme. Held in conjunction with the 9th congress of the Alp-Adriatic Society for Immunology of Reproduction, the 5th congress of the European Society of Reproductive and Developmental Immunology (ESRADI) and the 10th meeting of the Czech Society for Reproductive Immunology (Zdar meeting). Also known as ECRI.
=540  \\$aCurrent copyright fee: GBP46.00$c35\0$5Uk
=653  1\$aReproductive immunology
=653  1\$aImmunology
=653  1\$aDevelopmental immunology
=653  2\$aReproduction
=653  2\$aECRI
=653  2\$aESRADI
=653  2\$aZdar
=710  2\$aAlp-Adriatic Society for Immunology of Reproduction.
=710  2\$aEuropean Society of Reproductive and Developmental Immunology.
=710  2\$aCzech Society for Reproductive Immunology.
=711  2\$aAlp-Adriatic Society for Immunology of Reproduction (Congress)$n(9th :$d2004 Jun :$cPilsen, Czech Republic)
=711  2\$aEuropean Society of Reproductive and Developmental Immunology (Congress)$n(5th :$d2004 Jun :$cPilsen, Czech Republic)
=711  2\$aCzech Society for Reproductive Immunology (Meeting)$n(10th :$d2004 Jun :$cPilsen, Czech Republic)
=856  \\$31850-9999$uhttp://onlinelibrary.wiley.com/$xBLDSS
=852  41$aBritish Library$bSTI$jELD Digital store
=852  41$aBritish Library$bDSC$j0836.500000
=945  \\$aAmerican journal of reproductive immunology, ISSN 1046-7408 ; vol 51 no 6
=CAT  \\$a5896$b40$c20040617$lBLL01$h1512
=CAT  \\$a5896$b40$c20040809$lBLL01$h1457
=CAT  \\$aBATCH-CLA$b00$c20120928$lBLL01$h1830
=CAT  \\$aBATCH-CLA$b00$c20120930$lBLL01$h1035
=CAT  \\$aBATCH-CLA$b00$c20130508$lBLL01$h0720
=CAT  \\$aBATCH-CLA$b00$c20140125$lBLL01$h1303
=CAT  \\$aBATCH-CLA$b00$c20140205$lBLL01$h0048
=CAT  \\$aBATCH-CLA$c20140225$lBLL01$h2321
=CAT  \\$aBATCH-CLA$b00$c20140409$lBLL01$h0145
=CAT  \\$aBLDSS-3PM$b00$c20141214$lBLL01$h1522
=CAT  \\$aBATCH-UPD$b00$c20150215$lBLL01$h1624
=CAT  \\$aIPL-CLA$c20150228$lBLL01$h2047
=CAT  \\$aBATCH-UPD$b00$c20160519$lBLL01$h1937
=CAT  \\$aW1703-0316$c20170306$lBLL01$h1824
=CAT  \\$aW1703-0316$c20170307$lBLL01$h1647
=CAT  \\$aIPL-CLA$c20170307$lBLL01$h1824
=CAT  \\$aBATCH-UPD$b00$c20180219$lBLL01$h1745
=CAT  \\$aBATCH-UPD$b00$c20181121$lBLL01$h1621
=CAT  \\$aBATCH-CLA$b00$c20181122$lBLL01$h0133
=CAT  \\$aBATCH-CLA$b00$c20181122$lBLL01$h0148
=CAT  \\$aIPL-CLA$c20181231$lBLL01$h1541
=CAT  \\$aBATCH-CLA$b00$c20191128$lBLL01$h0119
=CAT  \\$aIPL-CLA$c20191231$lBLL01$h1927
=CAT  \\$aBATCH-CLA$b00$c20211210$lBLL01$h0107
=CAT  \\$aIPL-CLA$c20211231$lBLL01$h1717
=CFI  0\$aCurrent copyright fee: GBP46.00$c35\0$e01-jan-2022$fGBP46.00$g0$hP$5Uk
=CFI  2\$aPrevious Copyright Fee: GBP39.00$c35\0$e01-jan-2020$fGBP39.00$g0$hP$5Uk
=FFP  \\$aY$bBLDSS-3PM
=FIN  \\$aY
=LKR  \\$aANA$b012431989$lBLL01$r773$y2004$v51$i6$mEuropean congress of reproductive Immunology.$nAMERICAN JOURNAL OF REPRODUCTIVE IMMUNOLOGY.
=TCO  \\$aCLA$bCLA$c008
=UNO  \\$aY
=ACF  \\$aPrevious copyright fee: GBP22.00$c10\0$e01-jan-2006$fGBP22.00$g0$hP$5Uk
=LAS  \\$aIPL-CLA$b00$c20211231$lBLL01$h1717

