=LDR  03141cab a22007457a 4500
=001  012935449
=003  Uk
=005  20211231171715.0
=008  040621s2004\\\\ne\\\\\\\\\\\\100\0\eng\\
=FMT  \\$a  BK
=040  \\$aUk$beng$cUk
=CNF  \\$aFertility preservation in cancer patients (International meeting)$d(2002 Apr :$cTaormina, Italy)
=245  00$aFertility preservation in cancer patients /$cedited by Ettore Cittadini and Giovanni Ruvolo.
=260  \\$bElsevier,$c2004.
=300  \\$a1 v.
=336  \\$atext$2rdacontent
=337  \\$aunmediated$2rdamedia
=338  \\$avolume$2rdacarrier
=490  1\$aSerono Symposia International series in reproductive health
=591  \\$aPapers.
=540  \\$aCurrent copyright fee: GBP34.30$c5\1$5Uk
=653  1\$aFertility preservation
=653  1\$aCancer patients
=653  2\$aSerono
=700  1\$aCittadini, Ettore.
=700  1\$aRuvolo, Giovanni.
=710  2\$aSerono Symposia International.
=830  \0$aSerono Symposia International series in reproductive health
=856  \\$31850-9999$uhttp://www.elsevier.com/journals$xBLDSS
=852  41$aBritish Library$bHMNTS$jELD Digital store
=852  41$aBritish Library$bDSC$j3829.733000
=945  \\$aEuropean journal of obstetrics and gynecology and reproductive biology, ISSN 0301-2115 ; vol 113 suppl 1 2004
=CAT  \\$a5896$b40$c20040621$lBLL01$h1343
=CAT  \\$a5896$b40$c20040621$lBLL01$h1527
=CAT  \\$a5896$b40$c20040824$lBLL01$h1422
=CAT  \\$aBATCH$b00$c20091217$lBLL01$h0320
=CAT  \\$aBATCH-CLA$b00$c20120928$lBLL01$h1824
=CAT  \\$aBATCH-CLA$b00$c20120930$lBLL01$h1025
=CAT  \\$aBATCH-UPD$b00$c20121121$lBLL01$h1656
=CAT  \\$aIPL-CLA$c20121231$lBLL01$h1312
=CAT  \\$aIPL-CLA$c20130102$lBLL01$h1730
=CAT  \\$aBATCH-CLA$b00$c20130508$lBLL01$h0707
=CAT  \\$aBATCH-CLA$b00$c20140125$lBLL01$h1254
=CAT  \\$aBATCH-CLA$b00$c20140202$lBLL01$h0131
=CAT  \\$aBATCH-CLA$c20140225$lBLL01$h2321
=CAT  \\$aBLDSS-3PM$b00$c20141222$lBLL01$h1713
=CAT  \\$aBATCH-UPD$b00$c20160524$lBLL01$h1450
=CAT  \\$aBATCH-CLA$b00$c20160525$lBLL01$h0227
=CAT  \\$aBATCH-UPD$b00$c20171121$lBLL01$h1743
=CAT  \\$aIPL-CLA$c20171231$lBLL01$h1631
=CAT  \\$aBATCH-UPD$b00$c20190521$lBLL01$h1435
=CAT  \\$aBATCH-CLA$b00$c20190522$lBLL01$h0211
=CAT  \\$aBATCH-CLA$b00$c20190522$lBLL01$h0240
=CAT  \\$aIPL-CLA$c20190630$lBLL01$h1532
=CAT  \\$aBATCH-UPD$b00$c20211119$lBLL01$h1553
=CAT  \\$aBATCH-CLA$b00$c20211120$lBLL01$h0141
=CAT  \\$aBATCH-CLA$b00$c20211120$lBLL01$h0212
=CAT  \\$aIPL-CLA$c20211231$lBLL01$h1717
=CFI  0\$aCurrent copyright fee: GBP34.30$c5\1$e01-jan-2022$fGBP34.30$g0$hP$5Uk
=CFI  2\$aPrevious copyright fee: GBP32.84$c5\1$e01-jul-2019$fGBP32.84$g0$hP$5Uk
=FFP  \\$aY$bBLDSS-3PM
=FIN  \\$aY
=LKR  \\$aANA$b012432903$lBLL01$r773$y2004$v113$i1$p15$mFertility preservation in cancer patients /$nEUROPEAN JOURNAL OF OBSTETRICS AND GYNECOLOGY AND REPRODUCTIVE BIOLOGY.
=TCO  \\$aNLD$bSTICHTING REPRORECHT$c008
=LAS  \\$aIPL-CLA$b00$c20211231$lBLL01$h1717

