=LDR  03044cab a22007457a 4500
=001  012940111
=003  Uk
=005  20211231171716.0
=008  040625s2004\\\\ne\\\\\\\\\\\\100\0\eng\\
=FMT  \\$a  BK
=040  \\$aUk$beng$cUk
=CNF  \\$aApplied structural geology for mineral exploration and mining (Meeting)$d(2002 Sep :$cKalgoorlie, Australia)
=245  00$aApplied structural geology for mineral exploration and mining /$cedited by T. G. Blenkinsop, J. R. Vearncombe and S. M. Reddy.
=260  \\$bElsevier,$c2004.
=300  \\$a1 v.
=336  \\$atext$2rdacontent
=337  \\$aunmediated$2rdamedia
=338  \\$avolume$2rdacarrier
=591  \\$aSelected papers and report of discussions.
=540  \\$aCurrent copyright fee: GBP34.30$c5\1$5Uk
=653  1\$aApplied structural geology
=653  1\$aMineral exploration
=653  1\$aMining
=653  1\$aGeoscientists
=653  2\$aStructural geology
=700  1\$aBlenkinsop, T. G.
=700  1\$aVearncombe, J. R.
=700  1\$aReddy, S. M.
=710  2\$aAustralian Institute of Geoscientists.
=856  \\$31850-9999$uhttp://www.elsevier.com/journals$xBLDSS
=852  41$aBritish Library$bHMNTS$jELD Digital store
=852  41$aBritish Library$bDSC$j5066.878000
=945  \\$aJournal of structural geology, ISSN 0191-8141 ; vol 26 no 6-7 2004
=CAT  \\$a5896$b40$c20040625$lBLL01$h0857
=CAT  \\$a5896$b40$c20041029$lBLL01$h1003
=CAT  \\$a5896$b40$c20041029$lBLL01$h1004
=CAT  \\$aBATCH-CLA$b00$c20120928$lBLL01$h1834
=CAT  \\$aBATCH-CLA$b00$c20120930$lBLL01$h1042
=CAT  \\$aBATCH-UPD$b00$c20121121$lBLL01$h1656
=CAT  \\$aIPL-CLA$c20121231$lBLL01$h1312
=CAT  \\$aIPL-CLA$c20130102$lBLL01$h1730
=CAT  \\$aBATCH-CLA$b00$c20130508$lBLL01$h0728
=CAT  \\$aBATCH-CLA$b00$c20140125$lBLL01$h1308
=CAT  \\$aBATCH-CLA$b00$c20140202$lBLL01$h0131
=CAT  \\$aBATCH-CLA$c20140225$lBLL01$h2321
=CAT  \\$aBLDSS-3PM$b00$c20141222$lBLL01$h1713
=CAT  \\$aBATCH-UPD$b00$c20160518$lBLL01$h1309
=CAT  \\$aBATCH-CLA$b00$c20160519$lBLL01$h0110
=CAT  \\$aBATCH-UPD$b00$c20171121$lBLL01$h1743
=CAT  \\$aIPL-CLA$c20171231$lBLL01$h1632
=CAT  \\$aBATCH-UPD$b00$c20190521$lBLL01$h1435
=CAT  \\$aBATCH-CLA$b00$c20190522$lBLL01$h0221
=CAT  \\$aBATCH-CLA$b00$c20190522$lBLL01$h0240
=CAT  \\$aIPL-CLA$c20190630$lBLL01$h1532
=CAT  \\$aBATCH-UPD$b00$c20211119$lBLL01$h1553
=CAT  \\$aBATCH-CLA$b00$c20211120$lBLL01$h0154
=CAT  \\$aBATCH-CLA$b00$c20211120$lBLL01$h0212
=CAT  \\$aIPL-CLA$c20211231$lBLL01$h1717
=CFI  0\$aCurrent copyright fee: GBP34.30$c5\1$e01-jan-2022$fGBP34.30$g0$hP$5Uk
=CFI  2\$aPrevious copyright fee: GBP32.84$c5\1$e01-jul-2019$fGBP32.84$g0$hP$5Uk
=FFP  \\$aY$bBLDSS-3PM
=FIN  \\$aY
=LKR  \\$aANA$b012434180$lBLL01$r773$y2004$v26$i6/7$mApplied structural geology for mineral exploration and mining$nJOURNAL OF STRUCTURAL GEOLOGY.
=TCO  \\$aCLA$bCLA$c008
=LAS  \\$aIPL-CLA$b00$c20211231$lBLL01$h1717

