=LDR  03108cab a22007097a 4500
=001  012940358
=003  Uk
=005  20211231171717.0
=008  040625s2004\\\\at\\\\\\\\\\\\100\0\eng\\
=FMT  \\$a  BK
=040  \\$aUk$beng$cUk
=CNF  \\$aAustralasian Sleep Association (Annual scientific meeting)$d(2003 Oct :$cAuckland, New Zealand)
=245  00$aAbstracts presented at the combined annual scientific meeting of the Australasian Sleep Association and the Australasian Sleep Technologists Association.
=260  \\$bBlackwell,$c2004.
=300  \\$ap. A17-A39.
=336  \\$atext$2rdacontent
=337  \\$aunmediated$2rdamedia
=338  \\$avolume$2rdacarrier
=591  \\$aAbstracts.
=540  \\$aCurrent copyright fee: GBP39.00$c35\0$5Uk
=653  1\$aSleep
=653  2\$aSleep technologists
=710  2\$aAustralasian Sleep Association.
=710  2\$aAustralasian Sleep Technologists Association.
=711  2\$aAustralasian Sleep Technologists Association (Annual scientific meeting)$d(2003 Oct :$cAuckland, New Zealand)
=856  \\$31850-9999$uhttp://onlinelibrary.wiley.com/$xBLDSS
=852  41$aBritish Library$bHMNTS$jELD Digital store
=852  41$aBritish Library$bDSC$j4534.905200
=945  \\$aInternal medicine journal, ISSN 1444-0903 ; vol 34 iss 3 2004
=CAT  \\$a5896$b40$c20040625$lBLL01$h1146
=CAT  \\$a5896$b40$c20041029$lBLL01$h1102
=CAT  \\$aBATCH-CLA$b00$c20120928$lBLL01$h1831
=CAT  \\$aBATCH-CLA$b00$c20120930$lBLL01$h1037
=CAT  \\$aBATCH-CLA$b00$c20130508$lBLL01$h0722
=CAT  \\$aBATCH-CLA$b00$c20140125$lBLL01$h1304
=CAT  \\$aBATCH-CLA$b00$c20140205$lBLL01$h0048
=CAT  \\$aBATCH-CLA$c20140225$lBLL01$h2321
=CAT  \\$aBLDSS-3PM$b00$c20141214$lBLL01$h1522
=CAT  \\$aBATCH-UPD$b00$c20150215$lBLL01$h1624
=CAT  \\$aIPL-CLA$c20150228$lBLL01$h2047
=CAT  \\$aBATCH-UPD$b00$c20160519$lBLL01$h2054
=CAT  \\$aBATCH-CLA$b00$c20160520$lBLL01$h0112
=CAT  \\$aW1703-0316$c20170306$lBLL01$h1824
=CAT  \\$aW1703-0316$c20170307$lBLL01$h1647
=CAT  \\$aIPL-CLA$c20170307$lBLL01$h1824
=CAT  \\$aBATCH-UPD$b00$c20180219$lBLL01$h1745
=CAT  \\$aBATCH-UPD$b00$c20181121$lBLL01$h1621
=CAT  \\$aBATCH-CLA$b00$c20181122$lBLL01$h0134
=CAT  \\$aBATCH-CLA$b00$c20181122$lBLL01$h0148
=CAT  \\$aIPL-CLA$c20181231$lBLL01$h1541
=CAT  \\$aBATCH-CLA$b00$c20191128$lBLL01$h0119
=CAT  \\$aIPL-CLA$c20191231$lBLL01$h1927
=CAT  \\$aBATCH-CLA$b00$c20211209$lBLL01$h0109
=CAT  \\$aIPL-CLA$c20211231$lBLL01$h1717
=CFI  0\$aCurrent copyright fee: GBP39.00$c35\0$e01-jan-2022$fGBP39.00$g0$hP$5Uk
=CFI  2\$aPrevious Copyright Fee: GBP32.00$c35\0$e01-jan-2020$fGBP32.00$g0$hP$5Uk
=FFP  \\$aY$bBLDSS-3PM
=FIN  \\$aY
=LKR  \\$aANA$b012433400$lBLL01$r773$y2004$v34$i3$mAbstracts presented at the combined annual scientific meeting of the Australasian Sleep Association and the Australasian Sleep Technologists Association$nINTERNAL MEDICINE JOURNAL.
=TCO  \\$aAUS$bCAL$c008
=UNO  \\$aY
=LAS  \\$aIPL-CLA$b00$c20211231$lBLL01$h1717

