=LDR  02771cam a2200721 a 4500
=001  012940694
=003  Uk
=005  20211231171717.0
=008  040407s2004\\\\enkb\\\\\b\\\\000\0|eng\\
=FMT  \\$a  BK
=015  \\$aGBA446551$2bnb
=020  \\$cNo price (pbk.)
=040  \\$aUk$cUk$dUk
=042  \\$aukblsr
=082  04$a333.73$222
=245  00$aGIS-based land-use suitability analysis :$ba critical overview /$cguest editor Jacek Malczewski.
=260  \\$aOxford :$bElsevier,$c2004.
=300  \\$a65 p. :$bmaps ;$c25 cm.
=336  \\$atext$2rdacontent
=337  \\$aunmediated$2rdamedia
=338  \\$avolume$2rdacarrier
=490  1\$aProgress in planning.$x0305-9006$vv. 62, pt. 1
=504  \\$aIncludes bibliographical references.
=540  \\$aCurrent copyright fee: GBP34.30$c5\1$5Uk
=650  \0$aLand use$xPlanning
=650  \0$aGeographic information systems
=700  1\$aMalczewski, Jacek.
=830  \0$aProgress in planning$x0305-9006$vv. 62, pt. 1.
=856  \\$31850-9999$uhttp://www.elsevier.com/journals$xBLDSS
=852  41$aBritish Library$bHMNTS$jELD Digital store
=852  41$aBritish Library$bDSC$j6873.550000
=CAT  \\$a8980$b40$c20040625$lBLL01$h1623
=CAT  \\$aBATCH$b00$c20091217$lBLL01$h0321
=CAT  \\$aBATCH-UPD$b00$c20100728$lBLL01$h1634
=CAT  \\$aBATCH-CLA$b00$c20120928$lBLL01$h1823
=CAT  \\$aBATCH-CLA$b00$c20120930$lBLL01$h1024
=CAT  \\$aBATCH-UPD$b00$c20121121$lBLL01$h1656
=CAT  \\$aIPL-CLA$c20121231$lBLL01$h1312
=CAT  \\$aIPL-CLA$c20130102$lBLL01$h1730
=CAT  \\$aBATCH-CLA$b00$c20130508$lBLL01$h0704
=CAT  \\$aBATCH-CLA$b00$c20140125$lBLL01$h1252
=CAT  \\$aBATCH-CLA$b00$c20140202$lBLL01$h0131
=CAT  \\$aBATCH-CLA$c20140225$lBLL01$h2321
=CAT  \\$aBATCH-CLA$b00$c20140409$lBLL01$h0129
=CAT  \\$aBLDSS-3PM$b00$c20141222$lBLL01$h1713
=CAT  \\$aBATCH-UPD$b00$c20160524$lBLL01$h1408
=CAT  \\$aBATCH-CLA$b00$c20160525$lBLL01$h0227
=CAT  \\$aBATCH-UPD$b00$c20171121$lBLL01$h1743
=CAT  \\$aIPL-CLA$c20171231$lBLL01$h1632
=CAT  \\$aBATCH-UPD$b00$c20190521$lBLL01$h1435
=CAT  \\$aBATCH-CLA$b00$c20190522$lBLL01$h0209
=CAT  \\$aBATCH-CLA$b00$c20190522$lBLL01$h0240
=CAT  \\$aIPL-CLA$c20190630$lBLL01$h1532
=CAT  \\$aBATCH-UPD$b00$c20211119$lBLL01$h1553
=CAT  \\$aBATCH-CLA$b00$c20211120$lBLL01$h0139
=CAT  \\$aBATCH-CLA$b00$c20211120$lBLL01$h0212
=CAT  \\$aIPL-CLA$c20211231$lBLL01$h1717
=CFI  0\$aCurrent copyright fee: GBP34.30$c5\1$e01-jan-2022$fGBP34.30$g0$hP$5Uk
=CFI  2\$aPrevious copyright fee: GBP32.84$c5\1$e01-jul-2019$fGBP32.84$g0$hP$5Uk
=FFP  \\$aY$bBLDSS-3PM
=FIN  \\$aY
=TCO  \\$aCLA$bCLA$c008
=LAS  \\$aIPL-CLA$b00$c20211231$lBLL01$h1717

