=LDR  02963cab a22007217a 4500
=001  012945201
=003  Uk
=005  20211231171720.0
=008  040705s2004\\\\ne\\\\\\\\\\\\100\0\eng\\
=FMT  \\$a  BK
=040  \\$aUk$beng$cUk
=CNF  \\$aLow dimensional magnetism as probed by photons and neutrons (International workshop)$d(2003 May :$cBochum, Germany)
=245  00$aLow dimensional magnetism as probed by photons and neutrons.
=260  \\$bElsevier,$c2004.
=300  \\$a1 v.
=336  \\$atext$2rdacontent
=337  \\$aunmediated$2rdamedia
=338  \\$avolume$2rdacarrier
=591  \\$aSelected papers.
=540  \\$aCurrent copyright fee: GBP34.30$c5\1$5Uk
=653  1\$aLow dimensional magnetism
=653  1\$aPhotons
=653  1\$aNeutrons
=653  1\$aMagnetic heterostructures
=653  1\$aStructural properties
=653  1\$aElectronic transport
=710  2\$aResearch Network 'Magnetic Heterostructures : Structural Properties and Electronic Transport'
=856  \\$31850-9999$uhttp://www.elsevier.com/journals$xBLDSS
=852  41$aBritish Library$bDSC$j8547.076700
=852  41$aBritish Library$bHMNTS$jELD Digital store
=945  \\$aSuperlattices and microstructures, ISSN 0749-6036; vol 34 no 1-2 2004
=CAT  \\$a5896$b40$c20040705$lBLL01$h1313
=CAT  \\$a5896$b40$c20041029$lBLL01$h1137
=CAT  \\$a5896$b40$c20041029$lBLL01$h1138
=CAT  \\$aBATCH-CLA$b00$c20120928$lBLL01$h1835
=CAT  \\$aBATCH-CLA$b00$c20120930$lBLL01$h1043
=CAT  \\$aBATCH-CLA$b00$c20121205$lBLL01$h1812
=CAT  \\$aIPL-CLA$c20121231$lBLL01$h1312
=CAT  \\$aIPL-CLA$c20130102$lBLL01$h1731
=CAT  \\$aBATCH-CLA$b00$c20130508$lBLL01$h0729
=CAT  \\$aBATCH-CLA$b00$c20140125$lBLL01$h1308
=CAT  \\$aBATCH-CLA$b00$c20140202$lBLL01$h0131
=CAT  \\$aBATCH-CLA$c20140225$lBLL01$h2321
=CAT  \\$aBLDSS-3PM$b00$c20141222$lBLL01$h1713
=CAT  \\$aBATCH-UPD$b00$c20160518$lBLL01$h0820
=CAT  \\$aBATCH-CLA$b00$c20160519$lBLL01$h0110
=CAT  \\$aBATCH-UPD$b00$c20171121$lBLL01$h1743
=CAT  \\$aIPL-CLA$c20171231$lBLL01$h1632
=CAT  \\$aBATCH-UPD$b00$c20190521$lBLL01$h1435
=CAT  \\$aBATCH-CLA$b00$c20190522$lBLL01$h0222
=CAT  \\$aBATCH-CLA$b00$c20190522$lBLL01$h0240
=CAT  \\$aIPL-CLA$c20190630$lBLL01$h1532
=CAT  \\$aBATCH-UPD$b00$c20211119$lBLL01$h1553
=CAT  \\$aBATCH-CLA$b00$c20211120$lBLL01$h0155
=CAT  \\$aBATCH-CLA$b00$c20211120$lBLL01$h0212
=CAT  \\$aIPL-CLA$c20211231$lBLL01$h1717
=CFI  0\$aCurrent copyright fee: GBP34.30$c5\1$e01-jan-2022$fGBP34.30$g0$hP$5Uk
=CFI  2\$aPrevious copyright fee: GBP32.84$c5\1$e01-jul-2019$fGBP32.84$g0$hP$5Uk
=FFP  \\$aY$bBLDSS-3PM
=FIN  \\$aY
=LKR  \\$aANA$b012435106$lBLL01$r773$y2003$v34$i1/2$mLow dimensional magnetism as probed by photons and neutrons$nSUPERLATTICES AND MICROSTRUCTURES.
=TCO  \\$aCLA$bCLA$c008
=LAS  \\$aIPL-CLA$b00$c20211231$lBLL01$h1717

