=LDR  02844cab a22006737a 4500
=001  012945357
=003  Uk
=005  20211231171720.0
=008  040706s2004\\\\ne\\\\\\\\\\\\100\0\eng\\
=FMT  \\$a  BK
=040  \\$aUk$beng$cUk
=CNF  \\$aElectrochemical methods in corrosion research (International symposium)$n(8th :$d2003 May :$cNieuwpoort, Belgium)
=245  00$aElectrochemical methods in corrosion research :$bselection of papers from the 8th international symposium EMCR 2003 /$cguest editor, J. Vereecken.
=260  \\$bElsevier,$c2004.
=300  \\$a1 v.
=336  \\$atext$2rdacontent
=337  \\$aunmediated$2rdamedia
=338  \\$avolume$2rdacarrier
=591  \\$aSelected papers.
=540  \\$aCurrent copyright fee: GBP34.30$c5\1$5Uk
=653  1\$aElectrochemical methods
=653  1\$aCorrosion research
=653  1\$aEMCR
=700  1\$aVereecken, Jean.
=856  \\$31850-9999$uhttp://www.elsevier.com/journals$xBLDSS
=852  41$aBritish Library$bDSC$j3698.950000
=852  41$aBritish Library$bHMNTS$jELD Digital store
=945  \\$aElectrochimica acta, ISSN 0013-4686 ; vol 49 no 17/18 2004
=CAT  \\$a7153$b40$c20040706$lBLL01$h0741
=CAT  \\$a7153$b40$c20040816$lBLL01$h1044
=CAT  \\$aBATCH-CLA$b00$c20120928$lBLL01$h1830
=CAT  \\$aBATCH-CLA$b00$c20120930$lBLL01$h1034
=CAT  \\$aBATCH-UPD$b00$c20121121$lBLL01$h1656
=CAT  \\$aIPL-CLA$c20121231$lBLL01$h1312
=CAT  \\$aIPL-CLA$c20130102$lBLL01$h1731
=CAT  \\$aBATCH-CLA$b00$c20130508$lBLL01$h0719
=CAT  \\$aBATCH-CLA$b00$c20140125$lBLL01$h1301
=CAT  \\$aBATCH-CLA$b00$c20140202$lBLL01$h0131
=CAT  \\$aBATCH-CLA$c20140225$lBLL01$h2321
=CAT  \\$aBLDSS-3PM$b00$c20141222$lBLL01$h1713
=CAT  \\$aBATCH-UPD$b00$c20160520$lBLL01$h1258
=CAT  \\$aBATCH-CLA$b00$c20160521$lBLL01$h0109
=CAT  \\$aBATCH-UPD$b00$c20171121$lBLL01$h1743
=CAT  \\$aIPL-CLA$c20171231$lBLL01$h1632
=CAT  \\$aBATCH-UPD$b00$c20190521$lBLL01$h1435
=CAT  \\$aBATCH-CLA$b00$c20190522$lBLL01$h0216
=CAT  \\$aBATCH-CLA$b00$c20190522$lBLL01$h0240
=CAT  \\$aIPL-CLA$c20190630$lBLL01$h1532
=CAT  \\$aBATCH-UPD$b00$c20211119$lBLL01$h1553
=CAT  \\$aBATCH-CLA$b00$c20211120$lBLL01$h0149
=CAT  \\$aBATCH-CLA$b00$c20211120$lBLL01$h0212
=CAT  \\$aIPL-CLA$c20211231$lBLL01$h1717
=CFI  0\$aCurrent copyright fee: GBP34.30$c5\1$e01-jan-2022$fGBP34.30$g0$hP$5Uk
=CFI  2\$aPrevious copyright fee: GBP32.84$c5\1$e01-jul-2019$fGBP32.84$g0$hP$5Uk
=FFP  \\$aY$bBLDSS-3PM
=FIN  \\$aY
=LKR  \\$aANA$b012432783$lBLL01$nElectrochimica acta.$r773$y2004$v49$i17/18$mElectrochemical methods in corrosion research : selection of papers from the 8th international symposium EMCR 2003 /
=TCO  \\$aCLA$bCLA$c008
=LAS  \\$aIPL-CLA$b00$c20211231$lBLL01$h1717

