=LDR  02936cab a22006857a 4500
=001  012945617
=003  Uk
=005  20211231171720.0
=008  040706s2004\\\\ne\\\\\\\\\\\\100\0\eng\\
=FMT  \\$a  BK
=040  \\$aUk$beng$cUk
=CNF  \\$aInternational symposium on sputtering and plasma processes$n(7th :$d2003 Jun :$cKanazawa, Japan)
=245  00$aSelected papers revised from the proceedings of the seventh international symposium on sputtering and plasma processes (ISSP 2003) /$cEdited by A. Kinbara... [et al.].
=260  \\$bElsevier,$c2004.
=300  \\$a1 v.
=336  \\$atext$2rdacontent
=337  \\$aunmediated$2rdamedia
=338  \\$avolume$2rdacarrier
=591  \\$aSelected revised papers.
=540  \\$aCurrent copyright fee: GBP34.30$c5\1$5Uk
=653  1\$aSputtering
=653  1\$aPlasma processes
=653  1\$aISSP
=700  1\$aKinbara, A.
=856  \\$31850-9999$uhttp://www.elsevier.com/journals$xBLDSS
=852  41$aBritish Library$bSTI$jELD Digital store
=852  41$aBritish Library$bDSC$j9139.000000
=945  \\$aVacuum -London then Oxford- Pergamon-, ISSN 0042-207X ; vol 74 issue 3-4 2004
=CAT  \\$a5896$b40$c20040706$lBLL01$h1309
=CAT  \\$a5896$b40$c20041029$lBLL01$h1304
=CAT  \\$aBATCH-CLA$b00$c20120928$lBLL01$h1837
=CAT  \\$aBATCH-CLA$b00$c20120930$lBLL01$h1046
=CAT  \\$aBATCH-UPD$b00$c20121121$lBLL01$h1656
=CAT  \\$aIPL-CLA$c20121231$lBLL01$h1312
=CAT  \\$aIPL-CLA$c20130102$lBLL01$h1731
=CAT  \\$aBATCH-CLA$b00$c20130508$lBLL01$h0733
=CAT  \\$aBATCH-CLA$b00$c20140125$lBLL01$h1310
=CAT  \\$aBATCH-CLA$b00$c20140202$lBLL01$h0131
=CAT  \\$aBATCH-CLA$c20140225$lBLL01$h2321
=CAT  \\$aBATCH-CLA$b00$c20140409$lBLL01$h0131
=CAT  \\$aBLDSS-3PM$b00$c20141222$lBLL01$h1713
=CAT  \\$aBATCH-UPD$b00$c20160526$lBLL01$h0959
=CAT  \\$aBATCH-CLA$b00$c20160527$lBLL01$h0110
=CAT  \\$aBATCH-UPD$b00$c20171121$lBLL01$h1743
=CAT  \\$aIPL-CLA$c20171231$lBLL01$h1632
=CAT  \\$aBATCH-UPD$b00$c20190521$lBLL01$h1435
=CAT  \\$aBATCH-CLA$b00$c20190522$lBLL01$h0224
=CAT  \\$aBATCH-CLA$b00$c20190522$lBLL01$h0240
=CAT  \\$aIPL-CLA$c20190630$lBLL01$h1532
=CAT  \\$aBATCH-UPD$b00$c20211119$lBLL01$h1553
=CAT  \\$aBATCH-CLA$b00$c20211120$lBLL01$h0157
=CAT  \\$aBATCH-CLA$b00$c20211120$lBLL01$h0212
=CAT  \\$aIPL-CLA$c20211231$lBLL01$h1717
=CFI  0\$aCurrent copyright fee: GBP34.30$c5\1$e01-jan-2022$fGBP34.30$g0$hP$5Uk
=CFI  2\$aPrevious copyright fee: GBP32.84$c5\1$e01-jul-2019$fGBP32.84$g0$hP$5Uk
=FFP  \\$aY$bBLDSS-3PM
=FIN  \\$aY
=LKR  \\$aANA$b012435244$lBLL01$r773$y2004$v74$i3/4$mSelected papers revised from the proceedings of the seventh international symposium on sputtering and plasma processes (ISSP 2003)$nVACUUM -LONDON THEN OXFORD- PERGAMON-.
=TCO  \\$aCLA$bCLA$c008
=LAS  \\$aIPL-CLA$b00$c20211231$lBLL01$h1717

