=LDR  02912cab a22006857a 4500
=001  012947572
=003  Uk
=005  20211231171722.0
=008  040707s2004\\\\enk\\\\\\\\\\\100\0\eng\\
=FMT  \\$a  BK
=040  \\$aUK$beng$cUK
=CNF  \\$aNeuropathology of prion disease (Scientific meeting)$n(9th :$d2003 Oct :$cBaden, Austria)
=245  00$aTen years of EC-funded Concerted Actions on the neuropathology of prion disease :$breport on the final scientific meeting.
=260  \\$bBlackwell,$c2004.
=300  \\$ap. 308-310.
=336  \\$atext$2rdacontent
=337  \\$aunmediated$2rdamedia
=338  \\$avolume$2rdacarrier
=591  \\$aReport. May be requested as held in November 2003.
=540  \\$aCurrent copyright fee: GBP39.00$c35\0$5Uk
=653  1\$aNeuropathology
=653  1\$aPrion disease
=856  \\$31850-9999$uhttp://onlinelibrary.wiley.com/$xBLDSS
=852  41$aBritish Library$bSTI$jELD Digital store
=852  41$aBritish Library$bDSC$j6081.514000
=945  \\$aNeuropathology and applied neurobiology, ISSN 0305-1846 vol 30 no 3 2004
=CAT  \\$a5896$b40$c20040707$lBLL01$h1347
=CAT  \\$a5896$b40$c20040707$lBLL01$h1400
=CAT  \\$a5896$b40$c20041029$lBLL01$h1342
=CAT  \\$a5896$b40$c20041029$lBLL01$h1343
=CAT  \\$aBATCH-CLA$b00$c20120928$lBLL01$h1821
=CAT  \\$aBATCH-CLA$b00$c20120930$lBLL01$h1020
=CAT  \\$aBATCH-CLA$b00$c20130508$lBLL01$h0659
=CAT  \\$aBATCH-CLA$b00$c20140125$lBLL01$h1315
=CAT  \\$aBATCH-CLA$c20140225$lBLL01$h2321
=CAT  \\$aBLDSS-3PM$b00$c20141214$lBLL01$h1522
=CAT  \\$aBATCH-UPD$b00$c20150215$lBLL01$h1624
=CAT  \\$aIPL-CLA$c20150228$lBLL01$h2047
=CAT  \\$aBATCH-UPD$b00$c20160519$lBLL01$h2212
=CAT  \\$aBATCH-CLA$b00$c20160520$lBLL01$h0112
=CAT  \\$aW1703-0316$c20170306$lBLL01$h1824
=CAT  \\$aW1703-0316$c20170307$lBLL01$h1647
=CAT  \\$aIPL-CLA$c20170307$lBLL01$h1824
=CAT  \\$aBATCH-UPD$b00$c20180219$lBLL01$h1745
=CAT  \\$aBATCH-UPD$b00$c20181121$lBLL01$h1621
=CAT  \\$aBATCH-CLA$b00$c20181122$lBLL01$h0125
=CAT  \\$aBATCH-CLA$b00$c20181122$lBLL01$h0148
=CAT  \\$aIPL-CLA$c20181231$lBLL01$h1541
=CAT  \\$aBATCH-CLA$b00$c20191128$lBLL01$h0119
=CAT  \\$aIPL-CLA$c20191231$lBLL01$h1928
=CAT  \\$aBATCH-CLA$b00$c20211209$lBLL01$h0109
=CAT  \\$aIPL-CLA$c20211231$lBLL01$h1717
=CFI  0\$aCurrent copyright fee: GBP39.00$c35\0$e01-jan-2022$fGBP39.00$g0$hP$5Uk
=CFI  2\$aPrevious Copyright Fee: GBP32.00$c35\0$e01-jan-2020$fGBP32.00$g0$hP$5Uk
=FFP  \\$aY$bBLDSS-3PM
=FIN  \\$aY
=LKR  \\$aANA$b012434532$lBLL01$r773$y2004$v30$i3$mTen years of EC-funded Concerted Actions on the neuropathology of prion disease : report on the final scientific meeting$nNEUROPATHOLOGY AND APPLIED NEUROBIOLOGY.
=TCO  \\$aCLA$bCLA$c008
=UNO  \\$aY
=LAS  \\$aIPL-CLA$b00$c20211231$lBLL01$h1717

