=LDR  03295cab a22007697a 4500
=001  012947861
=003  Uk
=005  20211231171722.0
=008  040707s2004\\\\ne\\\\\\\\\\\\100\0\eng\\
=FMT  \\$a  BK
=040  \\$aUK$beng$cUK
=CNF  \\$aInternational symposium on impact engineering$n(5th :$d2004 Jul :$cCambridge)
=245  00$aFifth international symposium on impact engineering /$cedited by W. J. Stronge.
=260  \\$bElsevier,$c2004.
=300  \\$a2 v.
=336  \\$atext$2rdacontent
=337  \\$aunmediated$2rdamedia
=338  \\$avolume$2rdacarrier
=591  \\$aSelected preprinted papers. Also known as ISIE/5.
=540  \\$aCurrent copyright fee: GBP34.30$c5\1$5Uk
=653  1\$aImpact engineering
=653  1\$aEngineering
=653  1\$aISIE
=700  1\$aStronge, W. J.
=710  2\$aCavendish Laboratory (Cambridge, England)
=710  2\$aUniversity of Cambridge.$bEngineering Department.
=856  \\$31850-9999$uhttp://www.elsevier.com/journals$xBLDSS
=852  41$aBritish Library$bHMNTS$jELD Digital store
=852  41$aBritish Library$bDSC$j4542.302500
=852  41$aBritish Library$bHMNTS$jELD Digital store
=852  41$aBritish Library$bDSC$j4542.302500
=945  \\$aInternational journal of impact engineering, ISSN 0734-743X ; vol 30 iss 7 2004 and vol 32 no 1-4 2005
=985  \\$aRecord amended for WR# 13/070
=CAT  \\$a5896$b40$c20040707$lBLL01$h1611
=CAT  \\$a7153$b40$c20051220$lBLL01$h1242
=CAT  \\$aBATCH-UPD$b40$c20060727$lBLL01$h0950
=CAT  \\$a11306$b40$c20061212$lBLL01$h1556
=CAT  \\$aBATCH-CLA$b00$c20120928$lBLL01$h1831
=CAT  \\$aBATCH-CLA$b00$c20120930$lBLL01$h1037
=CAT  \\$aBATCH-UPD$b00$c20121121$lBLL01$h1656
=CAT  \\$aIPL-CLA$c20121231$lBLL01$h1312
=CAT  \\$aIPL-CLA$c20130102$lBLL01$h1731
=CAT  \\$aWR13_070$b00$c20130504$lBLL01$h0234
=CAT  \\$aBATCH-CLA$b00$c20130508$lBLL01$h0722
=CAT  \\$aBATCH-CLA$b00$c20140125$lBLL01$h1304
=CAT  \\$aBATCH-CLA$c20140225$lBLL01$h2321
=CAT  \\$aBLDSS-3PM$b00$c20141222$lBLL01$h1713
=CAT  \\$aBATCH-UPD$b00$c20160526$lBLL01$h0933
=CAT  \\$aBATCH-CLA$b00$c20160527$lBLL01$h0110
=CAT  \\$aBATCH-UPD$b00$c20171121$lBLL01$h1743
=CAT  \\$aIPL-CLA$c20171231$lBLL01$h1632
=CAT  \\$aBATCH-UPD$b00$c20190521$lBLL01$h1435
=CAT  \\$aBATCH-CLA$b00$c20190522$lBLL01$h0219
=CAT  \\$aBATCH-CLA$b00$c20190522$lBLL01$h0240
=CAT  \\$aIPL-CLA$c20190630$lBLL01$h1533
=CAT  \\$aBATCH-UPD$b00$c20211119$lBLL01$h1553
=CAT  \\$aBATCH-CLA$b00$c20211120$lBLL01$h0152
=CAT  \\$aBATCH-CLA$b00$c20211120$lBLL01$h0212
=CAT  \\$aIPL-CLA$c20211231$lBLL01$h1717
=CFI  0\$aCurrent copyright fee: GBP34.30$c5\1$e01-jan-2022$fGBP34.30$g0$hP$5Uk
=CFI  2\$aPrevious copyright fee: GBP32.84$c5\1$e01-jul-2019$fGBP32.84$g0$hP$5Uk
=FFP  \\$aY$bBLDSS-3PM
=FIN  \\$aY
=LKR  \\$aANA$b012433478$lBLL01$r773$y2004$v30$i7$mFifth international symposium on impact engineering$nINTERNATIONAL JOURNAL OF IMPACT ENGINEERING.
=LKR  \\$aANA$b012433478$lBLL01$r773$y2005$v32$i1/4$mFifth international symposium on impact engineering$nINTERNATIONAL JOURNAL OF IMPACT ENGINEERING.
=TCO  \\$aCLA$bCLA$c008
=LAS  \\$aIPL-CLA$b00$c20211231$lBLL01$h1717

