=LDR  02915cam a2200721 a 4500
=001  012951221
=003  Uk
=005  20211231171724.0
=008  040713s2004\\\\enka\\\\\b\\\\001\0\eng\\
=FMT  \\$a  BK
=015  \\$aGBA451331$2bnb
=040  \\$aUk$beng$cUk
=042  \\$aukblsr
=082  04$a617.96768$222
=245  00$aAnaesthesia at early ages /$cB. Dalens, guest editor.
=260  \\$a[Oxford] :$bElsevier,$c2004.
=300  \\$aviii, p. 205-377 :$bill. (some col.) ;$c24 cm.
=336  \\$atext$2rdacontent
=337  \\$aunmediated$2rdamedia
=338  \\$avolume$2rdacarrier
=490  1\$aBest practice & research. Clinical anaesthesiology,$x1521-6896 ;$vv. 18, no. 2
=504  \\$aIncludes bibliographical references and index.
=540  \\$aCurrent copyright fee: GBP34.30$c5\1$5Uk
=650  \0$aPediatric anesthesia.
=650  \0$aNeonatal anesthesia.
=700  1\$aDalens, Bernard J.
=830  \0$aBest practice & research.$pClinical anaesthesiology,$x1521-6896 ;$vv. 18, no. 2
=856  \\$31850-9999$uhttp://www.elsevier.com/journals$xBLDSS
=852  41$aBritish Library$bSTI$jELD Digital store
=852  41$aBritish Library$bDSC$j1942.327826
=CAT  \\$a11317$b40$c20040713$lBLL01$h1356
=CAT  \\$a11317$b40$c20040713$lBLL01$h1400
=CAT  \\$a11317$b40$c20040713$lBLL01$h1401
=CAT  \\$aBATCH$b00$c20091217$lBLL01$h0322
=CAT  \\$aBATCH-CLA$b00$c20120928$lBLL01$h1835
=CAT  \\$aBATCH-CLA$b00$c20120930$lBLL01$h1044
=CAT  \\$aBATCH-UPD$b00$c20121121$lBLL01$h1656
=CAT  \\$aIPL-CLA$c20121231$lBLL01$h1312
=CAT  \\$aIPL-CLA$c20130102$lBLL01$h1731
=CAT  \\$aBATCH-CLA$b00$c20130508$lBLL01$h0730
=CAT  \\$aBATCH-CLA$b00$c20140125$lBLL01$h1309
=CAT  \\$aBATCH-CLA$b00$c20140202$lBLL01$h0131
=CAT  \\$aBATCH-CLA$c20140225$lBLL01$h2321
=CAT  \\$aBLDSS-3PM$b00$c20141222$lBLL01$h1713
=CAT  \\$aBATCH-UPD$b00$c20160517$lBLL01$h2015
=CAT  \\$aBATCH-CLA$b00$c20160518$lBLL01$h0119
=CAT  \\$aBATCH-UPD$b00$c20171121$lBLL01$h1743
=CAT  \\$aIPL-CLA$c20171231$lBLL01$h1632
=CAT  \\$aBATCH-UPD$b00$c20190521$lBLL01$h1435
=CAT  \\$aBATCH-CLA$b00$c20190522$lBLL01$h0222
=CAT  \\$aBATCH-CLA$b00$c20190522$lBLL01$h0240
=CAT  \\$aIPL-CLA$c20190630$lBLL01$h1533
=CAT  \\$aBATCH-UPD$b00$c20211119$lBLL01$h1553
=CAT  \\$aBATCH-CLA$b00$c20211120$lBLL01$h0155
=CAT  \\$aBATCH-CLA$b00$c20211120$lBLL01$h0212
=CAT  \\$aIPL-CLA$c20211231$lBLL01$h1717
=CFI  0\$aCurrent copyright fee: GBP34.30$c5\1$e01-jan-2022$fGBP34.30$g0$hP$5Uk
=CFI  2\$aPrevious copyright fee: GBP32.84$c5\1$e01-jul-2019$fGBP32.84$g0$hP$5Uk
=FFP  \\$aY$bBLDSS-3PM
=FIN  \\$aY
=LKR  \\$aANA$b012432199$lBLL01$r773$v18$i2$mAnaesthesia at early ages$nBEST PRACTICE AND RESEARCH CLINICAL ANAESTHESIOLOGY.
=TCO  \\$aCLA$bCLA$c008
=LAS  \\$aIPL-CLA$b00$c20211231$lBLL01$h1717

