=LDR  02992cab a22007217a 4500
=001  012953511
=003  Uk
=005  20230427011057.0
=008  040720s2004\\\\ne\\\\\\\\\\\\100\0\eng\\
=FMT  \\$a  BK
=040  \\$aUk$beng$cUk
=CNF  \\$aInternational symposium on subsurface microbiology$d(2002 Sep :$cCopenhagen)
=245  00$aSubsurface microbiology /$cguest editors Hans-Jorgen Albrechtsen and Jens Aamand.
=260  \\$bElsevier,$c2004.
=300  \\$a1 v.
=336  \\$atext$2rdacontent
=337  \\$aunmediated$2rdamedia
=338  \\$avolume$2rdacarrier
=591  \\$aSelected papers. Also referred to as being the 5th subsurface symposium in a series of symposia and also called ISSM02.
=540  \\$aCurrent Copyright Fee: GBP42.00$c29\0$5Uk
=653  1\$aSubsurface microbiology
=653  2\$aISSM
=700  1\$aAlbrechtsen, Hans-Jørgen.
=700  1\$aAamand, Jens.
=856  \\$31850-9999$uhttp://onlinelibrary.wiley.com/$xBLDSS
=852  41$aBritish Library$bDSC$j3905.296000
=852  41$aBritish Library$bHMNTS$jELD Digital store
=945  \\$aFEMS microbiology ecology, ISSn 0168-6496 ; vol 49 no 1 2004
=CAT  \\$a10905$b40$c20040720$lBLL01$h0927
=CAT  \\$aBATCH-UPD$b00$c20160525$lBLL01$h0013
=CAT  \\$aBATCH-CLA$b00$c20160526$lBLL01$h0135
=CAT  \\$aBATCH-UPD$b00$c20161122$lBLL01$h1520
=CAT  \\$aIPL-CLA$c20161230$lBLL01$h2126
=CAT  \\$aBATCH-UPD$b00$c20171121$lBLL01$h1703
=CAT  \\$aIPL-CLA$c20171231$lBLL01$h1633
=CAT  \\$aBATCH-UPD$b00$c20181217$lBLL01$h1651
=CAT  \\$aBATCH-CLA$b00$c20181218$lBLL01$h0120
=CAT  \\$aBATCH-CLA$b00$c20181218$lBLL01$h0139
=CAT  \\$aIPL-CLA$c20181231$lBLL01$h1541
=CAT  \\$aBATCH-CLA$b00$c20191207$lBLL01$h0107
=CAT  \\$aIPL-CLA$c20191231$lBLL01$h1928
=CAT  \\$aBATCH-UPD$b00$c20220308$lBLL01$h1727
=CAT  \\$aBATCH-CLA$b00$c20220309$lBLL01$h0139
=CAT  \\$aBATCH-CLA$b00$c20220309$lBLL01$h0145
=CAT  \\$aIPL-CLA$c20220331$lBLL01$h2227
=CAT  \\$aBATCH-CLA$b00$c20230315$lBLL01$h0142
=CAT  \\$aBATCH-CLA$b00$c20230323$lBLL01$h0111
=CAT  \\$aBATCH-CLA$b00$c20230324$lBLL01$h0111
=CAT  \\$aBATCH-CLA$b00$c20230324$lBLL01$h0116
=CAT  \\$aIPL-CLA$c20230331$lBLL01$h1641
=CAT  \\$aS2304-0519$c20230412$lBLL01$h1139
=CAT  \\$aBATCH-CLA$b00$c20230413$lBLL01$h0110
=CAT  \\$aBATCH-SUPP$c20230426$lBLL01$h1108
=CAT  \\$aBATCH-CLA$b00$c20230427$lBLL01$h0110
=CFI  0\$aCurrent Copyright Fee: GBP42.00$c29\0$e01-apr-2023$fGBP42.00$g0$hP$5Uk
=FFP  \\$aY$bBLDSS-3PM
=FIN  \\$aY
=LKR  \\$aANA$b012432977$lBLL01$r773$y2004$v49$i1$mSubsurface microbiology$nFEMS MICROBIOLOGY ECOLOGY.
=TCO  \\$aNLD$bSTICHTING REPRORECHT$c008
=UNO  \\$aY
=ACF  \\$aPrevious copyright fee: GBP22.00$c10\0$e01-jan-2006$fGBP22.00$g0$hP$5Uk
=ACF  \\$aPrevious copyright fee: GBP24.00$c29\0$e01-jan-2016$fGBP24.00$g0$hP$5Uk
=LAS  \\$aBATCH-CLA$b00$c20230427$lBLL01$h0110

