=LDR  03013cab a22007457a 4500
=001  012955803
=003  Uk
=005  20230427011008.0
=008  040720s2004\\\\enk\\\\\\\\\\\100\0\eng\\
=FMT  \\$a  BK
=040  \\$aUk$beng$cUk
=CNF  \\$aVoice, leadership and accountability (International conference)$d(2004 :$cBristol [publ date, venue unconfirmed])
=245  00$aVoice, leadership and accountability.
=260  \\$bOxford University Press,$c2004.
=300  \\$ap. 207-302.
=336  \\$atext$2rdacontent
=337  \\$aunmediated$2rdamedia
=338  \\$avolume$2rdacarrier
=591  \\$aSelected papers.
=540  \\$aCurrent Copyright Fee: GBP33.00$c29\0$5Uk
=653  1\$aVoice
=653  1\$aLeadership
=653  1\$aAccountability
=653  1\$aLocal democracy
=710  2\$aCentre for Local Democracy.
=856  \\$31850-9999$uhttp://ukcatalogue.oup.com/$xBLDSS
=852  41$aBritish Library$bHMNTS$jELD Digital store
=852  41$aBritish Library$bDSC$j3363.621000
=945  \\$aCommunity development journal, ISSN 0010-3802 ; vol 39 no 3 2004
=CAT  \\$a5896$b40$c20040720$lBLL01$h1438
=CAT  \\$aBATCH-UPD$b00$c20160525$lBLL01$h0012
=CAT  \\$aBATCH-CLA$b00$c20160526$lBLL01$h0134
=CAT  \\$aBATCH-UPD$b00$c20161122$lBLL01$h1520
=CAT  \\$aIPL-CLA$c20161230$lBLL01$h2126
=CAT  \\$aBATCH-UPD$b00$c20171121$lBLL01$h1703
=CAT  \\$aIPL-CLA$c20171231$lBLL01$h1633
=CAT  \\$aBATCH-UPD$b00$c20181217$lBLL01$h1651
=CAT  \\$aBATCH-CLA$b00$c20181218$lBLL01$h0118
=CAT  \\$aBATCH-CLA$b00$c20181218$lBLL01$h0139
=CAT  \\$aIPL-CLA$c20181231$lBLL01$h1541
=CAT  \\$aBATCH-CLA$b00$c20191207$lBLL01$h0107
=CAT  \\$aIPL-CLA$c20191231$lBLL01$h1928
=CAT  \\$aBATCH-UPD$b00$c20220308$lBLL01$h1734
=CAT  \\$aBATCH-CLA$b00$c20220309$lBLL01$h0138
=CAT  \\$aBATCH-CLA$b00$c20220309$lBLL01$h0145
=CAT  \\$aIPL-CLA$c20220331$lBLL01$h2227
=CAT  \\$aBATCH-CLA$b00$c20230315$lBLL01$h0142
=CAT  \\$aBATCH-CLA$b00$c20230323$lBLL01$h0111
=CAT  \\$aBATCH-CLA$b00$c20230324$lBLL01$h0110
=CAT  \\$aBATCH-CLA$b00$c20230324$lBLL01$h0116
=CAT  \\$aIPL-CLA$c20230331$lBLL01$h1641
=CAT  \\$aS2304-0519$c20230412$lBLL01$h1139
=CAT  \\$aBATCH-CLA$b00$c20230413$lBLL01$h0109
=CAT  \\$aBATCH-SUPP$c20230426$lBLL01$h1108
=CAT  \\$aBATCH-CLA$b00$c20230427$lBLL01$h0110
=CFI  0\$aCurrent Copyright Fee: GBP33.00$c29\0$e01-apr-2023$fGBP33.00$g0$hP$5Uk
=FFP  \\$aY$bBLDSS-3PM
=FIN  \\$aY
=LKR  \\$aANA$b012432488$lBLL01$r773$y2004$v39$i3$mVoice, leadership and accountability$nCOMMUNITY DEVELOPMENT JOURNAL.
=TCO  \\$aCLA$bCLA$c008
=UNO  \\$aY
=ACF  \\$aPrevious copyright fee: GBP11.00$c29\0$e01-jan-2008$fGBP11.00$g0$hP$5Uk
=ACF  \\$aPrevious copyright fee: GBP20.00$c29\0$e01-jan-2013$fGBP20.00$g0$hP$5Uk
=ACF  \\$aPrevious copyright fee: GBP24.00$c29\0$e01-jan-2016$fGBP24.00$g0$hP$5Uk
=LAS  \\$aBATCH-CLA$b00$c20230427$lBLL01$h0110

