=LDR  02337cam a2200637 a 4500
=001  012972692
=003  Uk
=005  20040818155826.0
=008  040818s2004\\\\enka\\\\\b\\\\000\0\eng\\
=FMT  \\$a  BK
=015  \\$aGBA460430$2bnb
=020  \\$a1853853658 (pbk.) :$cNo price
=040  \\$aUk$beng$cUk
=042  \\$aukblsr
=082  04$a332.6322091724$222
=245  00$aCritical factors and issues in emerging equity markets /$cedited by Kofi A. Amoateng.
=260  \\$aPatrington :$bBarmarick,$c2004.
=300  \\$a87 p. :$bill. ;$c24 cm.
=336  \\$atext$2rdacontent
=337  \\$aunmediated$2rdamedia
=338  \\$avolume$2rdacarrier
=490  0\$aManagerial finance ;$vv. 30, no. 3
=500  \\$aTitle from cover.
=504  \\$aIncludes bibliographical references.
=540  \\$aCurrent copyright fee: GBP30.00$c25\0$5Uk
=650  \0$aSecurities$zDeveloping countries.
=650  \0$aCapital market$zDeveloping countries.
=690  7\$aManagement and Business Studies$2blcoll
=700  1\$aAmoateng, Kofi.
=856  \\$31850-9999$uhttp://www.emeraldinsight.com/$xBLDSS
=852  41$aBritish Library$bHMNTS$jELD Digital store
=852  41$aBritish Library$bDSC$j5359.240000
=CAT  \\$a11009$b40$c20040818$lBLL01$h1134
=CAT  \\$a11009$b40$c20040818$lBLL01$h1135
=CAT  \\$a11009$b40$c20040818$lBLL01$h1558
=CAT  \\$aBATCH$b00$c20090611$lBLL01$h1711
=CAT  \\$aBATCH-CLA$b00$c20120928$lBLL01$h1832
=CAT  \\$aBATCH-CLA$b00$c20120930$lBLL01$h1039
=CAT  \\$aWR13.050$c20130324$lBLL01$h1446
=CAT  \\$aBATCH-CLA$b00$c20130508$lBLL01$h0724
=CAT  \\$aBATCH-UPD$b00$c20130904$lBLL01$h1926
=CAT  \\$aIPL-CLA$c20130930$lBLL01$h1741
=CAT  \\$aBATCH-CLA$b00$c20140125$lBLL01$h1305
=CAT  \\$aBATCH-CLA$b00$c20140202$lBLL01$h0131
=CAT  \\$aBATCH-CLA$c20140225$lBLL01$h2321
=CAT  \\$aBLDSS-3PM$b00$c20141121$lBLL01$h1852
=CAT  \\$aBATCH-UPD$b00$c20151109$lBLL01$h1746
=CAT  \\$aIPL-CLA$c20151109$lBLL01$h1813
=CAT  \\$aBATCH-UPD$b00$c20160608$lBLL01$h0056
=CAT  \\$aBATCH-CLA$b00$c20160609$lBLL01$h0125
=CFI  0\$aCurrent copyright fee: GBP30.00$c25\0$e09-nov-2015$fGBP30.00$g0$hP$5Uk
=FFP  \\$aY$bBLDSS-3PM
=FIN  \\$aY
=TCO  \\$aCLA$bCLA$c008
=UNO  \\$aY
=LAS  \\$aBATCH-CLA$b00$c20160609$lBLL01$h0125

