=LDR  02545cab a22006255a 4500
=001  012988506
=003  Uk
=005  20211231171744.0
=008  040910s2004\\\\ne\\\\\\\\\\\\100\0\eng\\
=FMT  \\$a  BK
=040  \\$aUk$beng$cUk
=CNF  \\$aInternational conference on pediatric otorhinolaryngology$n(6th :$d2004 May :$cAthens)
=245  00$a6th international conference on pediatric otorhinolaryngology
=260  \\$bElsevier,$c2004.
=300  \\$ap. 633-736.
=336  \\$atext$2rdacontent
=337  \\$aunmediated$2rdamedia
=338  \\$avolume$2rdacarrier
=591  \\$aAbstracts.
=540  \\$aCurrent copyright fee: GBP34.30$c5\1$5Uk
=653  1\$aPediatric otorhinolaryngology
=653  1\$aOtorhinolaryngology
=856  \\$31850-9999$uhttp://www.elsevier.com/journals$xBLDSS
=852  41$aBritish Library$bHMNTS$jELD Digital store
=852  41$aBritish Library$bDSC$j4542.451000
=CAT  \\$a6933$b40$c20040910$lBLL01$h0946
=CAT  \\$aBATCH-CLA$b00$c20120928$lBLL01$h1838
=CAT  \\$aBATCH-CLA$b00$c20120930$lBLL01$h1050
=CAT  \\$aBATCH-UPD$b00$c20121121$lBLL01$h1656
=CAT  \\$aIPL-CLA$c20121231$lBLL01$h1313
=CAT  \\$aIPL-CLA$c20130102$lBLL01$h1733
=CAT  \\$aBATCH-CLA$b00$c20130508$lBLL01$h0737
=CAT  \\$aBATCH-CLA$b00$c20140125$lBLL01$h1312
=CAT  \\$aBATCH-CLA$b00$c20140202$lBLL01$h0131
=CAT  \\$aBATCH-CLA$c20140225$lBLL01$h2322
=CAT  \\$aBLDSS-3PM$b00$c20141222$lBLL01$h1713
=CAT  \\$aBATCH-UPD$b00$c20160527$lBLL01$h0844
=CAT  \\$aBATCH-CLA$b00$c20160528$lBLL01$h0110
=CAT  \\$aBATCH-UPD$b00$c20171121$lBLL01$h1744
=CAT  \\$aIPL-CLA$c20171231$lBLL01$h1634
=CAT  \\$aBATCH-UPD$b00$c20190521$lBLL01$h1435
=CAT  \\$aBATCH-CLA$b00$c20190522$lBLL01$h0225
=CAT  \\$aBATCH-CLA$b00$c20190522$lBLL01$h0240
=CAT  \\$aIPL-CLA$c20190630$lBLL01$h1533
=CAT  \\$aBATCH-UPD$b00$c20211119$lBLL01$h1553
=CAT  \\$aBATCH-CLA$b00$c20211120$lBLL01$h0159
=CAT  \\$aBATCH-CLA$b00$c20211120$lBLL01$h0212
=CAT  \\$aIPL-CLA$c20211231$lBLL01$h1717
=CFI  0\$aCurrent copyright fee: GBP34.30$c5\1$e01-jan-2022$fGBP34.30$g0$hP$5Uk
=CFI  2\$aPrevious copyright fee: GBP32.84$c5\1$e01-jul-2019$fGBP32.84$g0$hP$5Uk
=FFP  \\$aY$bBLDSS-3PM
=FIN  \\$aY
=LKR  \\$aANA$b012433512$lBLL01$nINTERNATIONAL JOURNAL OF PEDIATRIC OTORHINOL$r773$y2004$v68$i5$m6th international conference on pediatric otorhinolaryngology
=TCO  \\$aNLD$bSTICHTING REPRORECHT$c008
=LAS  \\$aIPL-CLA$b00$c20211231$lBLL01$h1717

