=LDR  02992cab a22007097a 4500
=001  012993049
=003  Uk
=005  20221231210011.0
=008  040915s2004\\\\xxu\\\\\\\\\\\100\0\eng\\
=FMT  \\$a  BK
=040  \\$aUk$beng$cUk
=CNF  \\$aPAPR : preserving America's printed resources (Conference)$d(2003 Jul :$cChicago, IL)
=245  00$aPreserving America's printed resources.
=260  \\$bElsevier,$c2004.
=300  \\$ap. 5-78.
=336  \\$atext$2rdacontent
=337  \\$aunmediated$2rdamedia
=338  \\$avolume$2rdacarrier
=591  \\$aPapers based upon those presented at the conference.
=540  \\$aCurrent copyright fee: GBP37.00$c2\0$5Uk
=653  1\$aPAPR
=653  1\$aPreserving America's printed resources
=653  2\$aAmerica's printed resources
=856  \\$31850-9999$uhttp://www.tandfonline.com/$xBLDSS
=852  41$aBritish Library$bHMNTS$jELD Digital store
=852  41$aBritish Library$bDSC$j5195.638000
=945  \\$aLibrary collections acquisitions and technical services, ISSN 1464-9055 ; vol 28 no 1 2004
=CAT  \\$a5896$b40$c20040915$lBLL01$h1506
=CAT  \\$aIPL-CLA$c20141231$lBLL01$h1651
=CAT  \\$aBATCH-UPD$b00$c20151119$lBLL01$h1543
=CAT  \\$aIPL-CLA$c20151231$lBLL01$h1920
=CAT  \\$aBATCH-UPD$b00$c20160620$lBLL01$h0156
=CAT  \\$aBATCH-CLA$b00$c20160621$lBLL01$h0121
=CAT  \\$aBATCH-UPD$b00$c20161122$lBLL01$h1512
=CAT  \\$aIPL-CLA$c20161230$lBLL01$h2129
=CAT  \\$aBATCH-UPD$b00$c20171121$lBLL01$h1647
=CAT  \\$aIPL-CLA$c20171231$lBLL01$h1635
=CAT  \\$aBATCH-UPD$b00$c20181217$lBLL01$h1638
=CAT  \\$aBATCH-CLA$b00$c20181218$lBLL01$h0120
=CAT  \\$aBATCH-CLA$b00$c20181218$lBLL01$h0139
=CAT  \\$aIPL-CLA$c20181231$lBLL01$h1541
=CAT  \\$aBATCH-UPD$b00$c20191122$lBLL01$h1900
=CAT  \\$aBATCH-CLA$b00$c20191123$lBLL01$h0119
=CAT  \\$aBATCH-CLA$b00$c20191123$lBLL01$h0128
=CAT  \\$aIPL-CLA$c20191231$lBLL01$h1929
=CAT  \\$aBATCH-UPD$b00$c20201118$lBLL01$h1333
=CAT  \\$aBATCH-CLA$b00$c20201119$lBLL01$h0124
=CAT  \\$aBATCH-CLA$b00$c20201119$lBLL01$h0141
=CAT  \\$aIPL-CLA$c20201231$lBLL01$h2154
=CAT  \\$aBATCH-UPD$b00$c20221121$lBLL01$h1346
=CAT  \\$aBATCH-CLA$b00$c20221122$lBLL01$h0158
=CAT  \\$aBATCH-CLA$b00$c20221122$lBLL01$h0236
=CAT  \\$aIPL-CLA$c20221231$lBLL01$h2100
=CFI  0\$aCurrent copyright fee: GBP37.00$c2\0$e01-jan-2023$fGBP37.00$g0$hP$5Uk
=CFI  2\$aPrevious copyright fee: GBP35.00$c2\0$e01-jan-2021$fGBP35.00$g0$hP$5Uk
=FFP  \\$aY$bBLDSS-3PM
=FIN  \\$aY
=LKR  \\$aANA$b012434287$lBLL01$r773$y2004$v28$i1$mPreserving America's printed resources$nLIBRARY COLLECTIONS ACQUISITIONS AND TECHNICAL SERVICES.
=TCO  \\$aCLA$bCLA$c008
=ACF  \\$aPrevious copyright fee: GBP24.00$c2\0$e01-jan-2014$fGBP24.00$g0$hP$5Uk
=ACF  \\$aPrevious copyright fee: GBP26.00$c2\0$e01-jan-2016$fGBP26.00$g0$hP$5Uk
=LAS  \\$aIPL-CLA$b00$c20221231$lBLL01$h2100

