=LDR  03410cab a22008057a 4500
=001  012995905
=003  Uk
=005  20211231171747.0
=007  co\|g|||||||||
=007  ta
=008  040921s2004\\\\ne\\\\\\\\\\\\100\0\eng\\
=FMT  \\$a  BK
=040  \\$aUk$beng$cUk
=CNF  \\$aWorld tunnel congress$n(30th :$d2004 May :$cSingapore)
=245  00$aUnderground space for sustainable urban development$h[electronic resource] :$bproceedings of the 30th ITA-AITES world tunnel congress /$cedited by J.N Shirlaw, J. Zhao, R. Krishnan.
=260  \\$bElsevier,$cc2004.
=300  \\$a1 CD-ROM ;$c4 3/4 in.
=336  \\$atext$2rdacontent
=337  \\$acomputer$2rdamedia
=338  \\$acomputer disc$2rdacarrier
=591  \\$aPapers. Held on CD-ROM. Abstracts in print form.
=500  \\$aTitle from screen.
=500  \\$aOne CD-ROM in pocket attached to inside back cover of journal issue.
=595  \\$aCopy of CD-ROM shelved in Conference Index.
=540  \\$aCurrent copyright fee: GBP34.30$c5\1$5Uk
=653  1\$aUnderground space
=653  1\$aSustainable urban development
=653  1\$aITA-AITES
=653  1\$aTunnel
=653  1\$aUnderground construction
=700  1\$aShirlaw, J. Nicholas.
=700  1\$aZhao, J.$q(Jian)
=700  1\$aKrishnan, Rajan.
=710  2\$aTunnelling and Underground Construction Society (Singapore)
=710  2\$aInternational Tunnelling Association.
=856  \\$31850-9999$uhttp://www.elsevier.com/journals$xBLDSS
=852  41$aBritish Library$bHMNTS$jELD Digital store
=852  41$aBritish Library$bDSC$j9071.405000
=945  \\$aTunnelling and underground space technology, ISSN 0886-7798 ; vol 19 pt 4-5 2004
=CAT  \\$a7196$b40$c20040921$lBLL01$h1149
=CAT  \\$a11245$b40$c20041123$lBLL01$h0843
=CAT  \\$aBATCH-CLA$b00$c20120928$lBLL01$h1838
=CAT  \\$aBATCH-CLA$b00$c20120930$lBLL01$h1049
=CAT  \\$aBATCH-UPD$b00$c20121121$lBLL01$h1656
=CAT  \\$aIPL-CLA$c20121231$lBLL01$h1313
=CAT  \\$aIPL-CLA$c20130102$lBLL01$h1733
=CAT  \\$aBATCH-CLA$b00$c20130508$lBLL01$h0737
=CAT  \\$aBATCH-CLA$b00$c20140125$lBLL01$h1312
=CAT  \\$aBATCH-CLA$b00$c20140202$lBLL01$h0132
=CAT  \\$aBATCH-CLA$c20140225$lBLL01$h2322
=CAT  \\$aBLDSS-3PM$b00$c20141222$lBLL01$h1713
=CAT  \\$aBATCH-UPD$b00$c20160525$lBLL01$h1404
=CAT  \\$aBATCH-CLA$b00$c20160526$lBLL01$h0136
=CAT  \\$aBATCH-UPD$b00$c20171121$lBLL01$h1744
=CAT  \\$aIPL-CLA$c20171231$lBLL01$h1635
=CAT  \\$aBATCH-UPD$b00$c20190521$lBLL01$h1435
=CAT  \\$aBATCH-CLA$b00$c20190522$lBLL01$h0225
=CAT  \\$aBATCH-CLA$b00$c20190522$lBLL01$h0240
=CAT  \\$aIPL-CLA$c20190630$lBLL01$h1533
=CAT  \\$aBATCH-UPD$b00$c20211119$lBLL01$h1553
=CAT  \\$aBATCH-CLA$b00$c20211120$lBLL01$h0159
=CAT  \\$aBATCH-CLA$b00$c20211120$lBLL01$h0212
=CAT  \\$aIPL-CLA$c20211231$lBLL01$h1717
=CFI  0\$aCurrent copyright fee: GBP34.30$c5\1$e01-jan-2022$fGBP34.30$g0$hP$5Uk
=CFI  2\$aPrevious copyright fee: GBP32.84$c5\1$e01-jul-2019$fGBP32.84$g0$hP$5Uk
=FFP  \\$aY$bBLDSS-3PM
=FIN  \\$aY
=LKR  \\$aANA$b012435228$lBLL01$nTUNNELLING AND UNDERGROUND SPACE TECHNOLOGY.$r773$y2004$v19$i4/5$mUnderground space for sustainable urban development proceedings of the 30th ITA-AITES world tunnel congress /
=TCO  \\$aCLA$bCLA$c008
=LAS  \\$aIPL-CLA$b00$c20211231$lBLL01$h1717

