=LDR  02948cab a22007097a 4500
=001  013035147
=003  Uk
=005  20221231210235.0
=008  031110s2004\\\\ne\\\\\\\\\\\\100\0\eng\\
=FMT  \\$a  BK
=040  \\$aUk$beng$cUk
=CNF  \\$aEuropean Association for Institutional Research (Forum)$n(25th :$d2003 Aug :$cLimerick)
=245  00$aEuropean Association for Institutional Research :$b25th forum.
=260  \\$bKluwer,$c2004.
=300  \\$a1 v.
=336  \\$atext$2rdacontent
=337  \\$aunmediated$2rdamedia
=338  \\$avolume$2rdacarrier
=540  \\$aCurrent copyright fee: GBP29.95$c22\1$5Uk
=653  1\$aEAIR
=653  1\$aInstitutional research
=710  2\$aEuropean Association for Institutional Research.
=856  \\$31850-9999$uhttp://www.tandfonline.com/$xBLDSS
=852  41$aBritish Library$bHMNTS$jELD Digital store
=852  41$aBritish Library$bDSC$j8796.150700
=945  \\$aTertiary education and management, ISSN 1358-3883 ; vol 10 no 2 2004
=CAT  \\$a6933$b40$c20041111$lBLL01$h1217
=CAT  \\$aBATCH-UPD$b00$c20131119$lBLL01$h1959
=CAT  \\$aIPL-CLA$c20131231$lBLL01$h2343
=CAT  \\$aBATCH-CLA$b00$c20140125$lBLL01$h1252
=CAT  \\$aBATCH-CLA$b00$c20140202$lBLL01$h0132
=CAT  \\$aBATCH-CLA$c20140225$lBLL01$h2322
=CAT  \\$aBATCH-UPD$b00$c20141124$lBLL01$h1802
=CAT  \\$aBLDSS-3PM$b00$c20141130$lBLL01$h1248
=CAT  \\$aIPL-CLA$c20141231$lBLL01$h1651
=CAT  \\$aBATCH-UPD$b00$c20151119$lBLL01$h1543
=CAT  \\$aIPL-CLA$c20151231$lBLL01$h1920
=CAT  \\$aBATCH-UPD$b00$c20160620$lBLL01$h0157
=CAT  \\$aBATCH-CLA$b00$c20160621$lBLL01$h0121
=CAT  \\$aBATCH-UPD$b00$c20161122$lBLL01$h1512
=CAT  \\$aIPL-CLA$c20161230$lBLL01$h2132
=CAT  \\$aBATCH-UPD$b00$c20171121$lBLL01$h1647
=CAT  \\$aIPL-CLA$c20171231$lBLL01$h1637
=CAT  \\$aBATCH-UPD$b00$c20181217$lBLL01$h1638
=CAT  \\$aBATCH-CLA$b00$c20181218$lBLL01$h0113
=CAT  \\$aBATCH-CLA$b00$c20181218$lBLL01$h0139
=CAT  \\$aIPL-CLA$c20181231$lBLL01$h1541
=CAT  \\$aBATCH-CLA$b00$c20190213$lBLL01$h0146
=CAT  \\$aBATCH-UPD$b00$c20221121$lBLL01$h1359
=CAT  \\$aBATCH-CLA$b00$c20221122$lBLL01$h0141
=CAT  \\$aBATCH-CLA$b00$c20221122$lBLL01$h0237
=CAT  \\$aIPL-CLA$c20221231$lBLL01$h2102
=CFI  0\$aCurrent copyright fee: GBP29.95$c22\1$e01-jan-2023$fGBP29.95$g0$hP$5Uk
=CFI  2\$aPrevious copyright fee: GBP34.00$c22\1$e12-feb-2019$fGBP34.00$g0$hP$5Uk
=FFP  \\$aY$bBLDSS-3PM
=FIN  \\$aY
=LKR  \\$aANA$b012435148$lBLL01$nTERTIARY EDUCATION AND MANAGEMENT$r773$y2004$v10$i2$mEuropean Association for Institutional Research : 25th forum.
=TCO  \\$aCLA$bCLA$c008
=UNO  \\$aY
=ACF  \\$aPrevious copyright fee: GBP24.00$c2\0$e01-jan-2014$fGBP24.00$g0$hP$5Uk
=ACF  \\$aPrevious copyright fee: GBP26.00$c2\0$e01-jan-2016$fGBP26.00$g0$hP$5Uk
=LAS  \\$aIPL-CLA$b00$c20221231$lBLL01$h2102

