=LDR  02772cab a22006857a 4500
=001  013035506
=003  Uk
=005  20211231171805.0
=008  030826s2004\\\\enk\\\\\\\\\\\100\0\eng\\
=FMT  \\$a  BK
=040  \\$aUk$beng$cUk
=CNF  \\$aTreatment of Parkinson's disease (International symposium)$n(8th :$d2003 Sep :$cKobe, Japan)
=245  00$a8th international symposium on the treatment of Parkinsonism and related disorders.
=260  \\$bElsevier,$c2004.
=300  \\$a1 v.
=336  \\$atext$2rdacontent
=337  \\$aunmediated$2rdamedia
=338  \\$avolume$2rdacarrier
=591  \\$aPapers. Described as proceedings.
=540  \\$aCurrent copyright fee: GBP34.30$c5\1$5Uk
=653  1\$aParkinsonism
=653  2\$aTreatment
=653  2\$aParkinson's disease
=700  1\$aMizuno, Yoshikuni.$eEd.
=856  \\$31850-9999$uhttp://www.elsevier.com/journals$xBLDSS
=852  41$aBritish Library$bDSC$j6406.787000
=852  41$aBritish Library$bHMNTS$jELD Digital store
=945  \\$aParkinsonism and related disorders, ISSN 1353-8020 ; vol 10 suppl 1 2004
=CAT  \\$a6933$b40$c20041111$lBLL01$h1641
=CAT  \\$aBATCH-CLA$b00$c20120928$lBLL01$h1823
=CAT  \\$aBATCH-CLA$b00$c20120930$lBLL01$h1023
=CAT  \\$aBATCH-UPD$b00$c20121121$lBLL01$h1656
=CAT  \\$aIPL-CLA$c20121231$lBLL01$h1313
=CAT  \\$aIPL-CLA$c20130102$lBLL01$h1734
=CAT  \\$aBATCH-CLA$b00$c20130508$lBLL01$h0703
=CAT  \\$aBATCH-CLA$b00$c20140125$lBLL01$h1252
=CAT  \\$aBATCH-CLA$b00$c20140202$lBLL01$h0132
=CAT  \\$aBATCH-CLA$c20140225$lBLL01$h2322
=CAT  \\$aBLDSS-3PM$b00$c20141222$lBLL01$h1714
=CAT  \\$aBATCH-UPD$b00$c20160517$lBLL01$h2012
=CAT  \\$aBATCH-CLA$b00$c20160518$lBLL01$h0119
=CAT  \\$aBATCH-UPD$b00$c20171121$lBLL01$h1744
=CAT  \\$aIPL-CLA$c20171231$lBLL01$h1637
=CAT  \\$a8244$b40$c20181017$lBLL01$h1349
=CAT  \\$aBATCH-CLA$b00$c20181018$lBLL01$h0105
=CAT  \\$aBATCH-UPD$b00$c20190521$lBLL01$h1435
=CAT  \\$aBATCH-CLA$b00$c20190522$lBLL01$h0208
=CAT  \\$aBATCH-CLA$b00$c20190522$lBLL01$h0240
=CAT  \\$aIPL-CLA$c20190630$lBLL01$h1533
=CAT  \\$aBATCH-UPD$b00$c20211119$lBLL01$h1553
=CAT  \\$aBATCH-CLA$b00$c20211120$lBLL01$h0138
=CAT  \\$aBATCH-CLA$b00$c20211120$lBLL01$h0212
=CAT  \\$aIPL-CLA$c20211231$lBLL01$h1718
=CFI  0\$aCurrent copyright fee: GBP34.30$c5\1$e01-jan-2022$fGBP34.30$g0$hP$5Uk
=CFI  2\$aPrevious copyright fee: GBP32.84$c5\1$e01-jul-2019$fGBP32.84$g0$hP$5Uk
=FFP  \\$aY$bBLDSS-3PM
=FIN  \\$aY
=LKR  \\$aANA$b012434672$lBLL01$nParkinsonism & related disorders$m8th international symposium on$r773$y2004$v10$i1$psn
=TCO  \\$aCLA$bCLA$c008
=LAS  \\$aIPL-CLA$b00$c20211231$lBLL01$h1718

