=LDR  02686cab a22006737a 4500
=001  013041586
=003  Uk
=005  20211231171806.0
=008  030203s2004\\\\enk\\\\\\\\\\\100\0\eng\\
=FMT  \\$a  BK
=040  \\$aUk$beng$cUk
=CNF  \\$aHamburg aviation conference$n(6th :$d2003 :$cHamburg, Germany)
=245  00$aProceedings of the Hamburg aviation conference, 2003.
=260  \\$bPergamon,$c2004.
=300  \\$a1 v.
=336  \\$atext$2rdacontent
=337  \\$aunmediated$2rdamedia
=338  \\$avolume$2rdacarrier
=591  \\$aPapers.
=540  \\$aCurrent copyright fee: GBP34.30$c5\1$5Uk
=653  1\$aAviation
=700  1\$aGillen, David.$eEd.
=700  1\$aNiemeier, Hans-Martin,$eEd.
=856  \\$31850-9999$uhttp://www.elsevier.com/journals$xBLDSS
=852  41$aBritish Library$bHMNTS$jELD Digital store
=852  41$aBritish Library$bDSC$j4926.550000
=945  \\$aJournal of air transport management, ISSN 0969-6997 ; vol 10 no 1 2004
=CAT  \\$a6933$b40$c20041118$lBLL01$h0930
=CAT  \\$aBATCH-CLA$b00$c20120928$lBLL01$h1823
=CAT  \\$aBATCH-CLA$b00$c20120930$lBLL01$h1023
=CAT  \\$aBATCH-UPD$b00$c20121121$lBLL01$h1656
=CAT  \\$aIPL-CLA$c20121231$lBLL01$h1313
=CAT  \\$aIPL-CLA$c20130102$lBLL01$h1734
=CAT  \\$aBATCH-CLA$b00$c20130508$lBLL01$h0704
=CAT  \\$aBATCH-CLA$b00$c20140125$lBLL01$h1252
=CAT  \\$aBATCH-CLA$b00$c20140202$lBLL01$h0132
=CAT  \\$aBATCH-CLA$c20140225$lBLL01$h2322
=CAT  \\$aBATCH-UPD$b00$c20140912$lBLL01$h1039
=CAT  \\$aBATCH-CLA$b00$c20140913$lBLL01$h0036
=CAT  \\$aBLDSS-3PM$b00$c20141222$lBLL01$h1714
=CAT  \\$aBATCH-UPD$b00$c20160524$lBLL01$h1822
=CAT  \\$aBATCH-CLA$b00$c20160525$lBLL01$h0227
=CAT  \\$aBATCH-UPD$b00$c20171121$lBLL01$h1744
=CAT  \\$aIPL-CLA$c20171231$lBLL01$h1637
=CAT  \\$aBATCH-UPD$b00$c20190521$lBLL01$h1436
=CAT  \\$aBATCH-CLA$b00$c20190522$lBLL01$h0208
=CAT  \\$aBATCH-CLA$b00$c20190522$lBLL01$h0240
=CAT  \\$aIPL-CLA$c20190630$lBLL01$h1533
=CAT  \\$aBATCH-UPD$b00$c20211119$lBLL01$h1553
=CAT  \\$aBATCH-CLA$b00$c20211120$lBLL01$h0139
=CAT  \\$aBATCH-CLA$b00$c20211120$lBLL01$h0212
=CAT  \\$aIPL-CLA$c20211231$lBLL01$h1718
=CFI  0\$aCurrent copyright fee: GBP34.30$c5\1$e01-jan-2022$fGBP34.30$g0$hP$5Uk
=CFI  2\$aPrevious copyright fee: GBP32.84$c5\1$e01-jul-2019$fGBP32.84$g0$hP$5Uk
=FFP  \\$aY$bBLDSS-3PM
=FIN  \\$aY
=LKR  \\$aANA$b012433640$lBLL01$nJOURNAL OF AIR TRANSPORT MANAGEMENT.$r773$y2004$v10$i1$mProceedings of the Hamburg aviation conference, 2003.
=TCO  \\$aCLA$bCLA$c008
=LAS  \\$aIPL-CLA$b00$c20211231$lBLL01$h1718

