=LDR  02679cab a22006497a 4500
=001  013043425
=003  Uk
=005  20211231171807.0
=008  010315s2004\\\\enk\\\\\\\\\\\100\0\eng\\
=FMT  \\$a  BK
=040  \\$aUk$beng$cUk
=CNF  \\$aPressure vessel technology (International conference)$n(10th :$d2003 Jul :$cVienna)
=245  04$aThe 10th international conference on pressure vessel technology.
=260  \\$bElsevier,$c2004.
=300  \\$a1 v.
=336  \\$atext$2rdacontent
=337  \\$aunmediated$2rdamedia
=338  \\$avolume$2rdacarrier
=591  \\$aSelected extended papers. Also known as ICPVT-10.
=540  \\$aCurrent copyright fee: GBP34.30$c5\1$5Uk
=653  1\$aPressure vessel technology
=653  1\$aICPVT
=700  1\$aZeman, J. L.
=856  \\$31850-9999$uhttp://www.elsevier.com/journals$xBLDSS
=852  41$aBritish Library$bDSC$j4542.483000
=852  41$aBritish Library$bHMNTS$jELD Digital store
=945  \\$aInternational journal of pressure vessels and piping, ISSN 0308-0161 ; vol 81 no 2 2004
=CAT  \\$a6933$b40$c20041122$lBLL01$h0925
=CAT  \\$aBATCH-CLA$b00$c20120928$lBLL01$h1832
=CAT  \\$aBATCH-CLA$b00$c20120930$lBLL01$h1039
=CAT  \\$aBATCH-UPD$b00$c20121121$lBLL01$h1656
=CAT  \\$aIPL-CLA$c20121231$lBLL01$h1313
=CAT  \\$aIPL-CLA$c20130102$lBLL01$h1734
=CAT  \\$aBATCH-CLA$b00$c20130508$lBLL01$h0724
=CAT  \\$aBATCH-CLA$b00$c20140125$lBLL01$h1305
=CAT  \\$aBATCH-CLA$b00$c20140202$lBLL01$h0132
=CAT  \\$aBATCH-CLA$c20140225$lBLL01$h2322
=CAT  \\$aBLDSS-3PM$b00$c20141222$lBLL01$h1714
=CAT  \\$aBATCH-UPD$b00$c20160518$lBLL01$h1118
=CAT  \\$aBATCH-CLA$b00$c20160519$lBLL01$h0110
=CAT  \\$aBATCH-UPD$b00$c20171121$lBLL01$h1744
=CAT  \\$aIPL-CLA$c20171231$lBLL01$h1637
=CAT  \\$aBATCH-UPD$b00$c20190521$lBLL01$h1436
=CAT  \\$aBATCH-CLA$b00$c20190522$lBLL01$h0219
=CAT  \\$aBATCH-CLA$b00$c20190522$lBLL01$h0240
=CAT  \\$aIPL-CLA$c20190630$lBLL01$h1533
=CAT  \\$aBATCH-UPD$b00$c20211119$lBLL01$h1553
=CAT  \\$aBATCH-CLA$b00$c20211120$lBLL01$h0153
=CAT  \\$aBATCH-CLA$b00$c20211120$lBLL01$h0212
=CAT  \\$aIPL-CLA$c20211231$lBLL01$h1718
=CFI  0\$aCurrent copyright fee: GBP34.30$c5\1$e01-jan-2022$fGBP34.30$g0$hP$5Uk
=CFI  2\$aPrevious copyright fee: GBP32.84$c5\1$e01-jul-2019$fGBP32.84$g0$hP$5Uk
=FFP  \\$aY$bBLDSS-3PM
=FIN  \\$aY
=LKR  \\$aANA$b012433518$lBLL01$nINTERNATIONAL JOURNAL OF PRESSURE VESSELS AN$r773$y2004$v81$i2$mThe 10th international conference on pressure vessel technology.
=TCO  \\$aCLA$bCLA$c008
=LAS  \\$aIPL-CLA$b00$c20211231$lBLL01$h1718

