=LDR  02054cab a22005297a 4500
=001  013047198
=003  Uk
=005  20041124093933.0
=008  001129s2004\\\\enk\\\\\\\\\\\100\0\eng\\
=FMT  \\$a  BK
=040  \\$aUk$beng$cUk
=CNF  \\$aEuropean breast cancer conference$n(4th :$d2004 Mar :$cHamburg, Germany)
=245  00$a4th European breast cancer conference.
=260  \\$bElsevier Science,$c2004.
=300  \\$a1 v.
=336  \\$atext$2rdacontent
=337  \\$aunmediated$2rdamedia
=338  \\$avolume$2rdacarrier
=591  \\$aExtended abstracts.
=540  \\$aCurrent copyright fee: zero$c5\1$5Uk
=653  1\$aBreast cancer
=653  1\$aEORTC
=710  2\$aEuropean Organization for Research and Treatment of Cancer.
=856  \\$31850-9999$uhttp://www.elsevier.com/journals$xBLDSS
=852  41$aBritish Library$bSTI$jELD Digital store
=852  41$aBritish Library$bDSC$j3829.725200
=945  \\$aEuropean journal of cancer -supplement-, ISSN 0959-8049 ; vol 2 no 3 2004
=CAT  \\$a6933$b40$c20041124$lBLL01$h0939
=CAT  \\$aBATCH-CLA$b00$c20120928$lBLL01$h1837
=CAT  \\$aBATCH-CLA$b00$c20120930$lBLL01$h1046
=CAT  \\$aBATCH-UPD$b00$c20121121$lBLL01$h1656
=CAT  \\$aIPL-CLA$c20121231$lBLL01$h1313
=CAT  \\$aIPL-CLA$c20130102$lBLL01$h1734
=CAT  \\$aBATCH-CLA$b00$c20130508$lBLL01$h0733
=CAT  \\$aBATCH-CLA$b00$c20140125$lBLL01$h1311
=CAT  \\$aBATCH-CLA$b00$c20140202$lBLL01$h0132
=CAT  \\$aBATCH-CLA$c20140225$lBLL01$h2322
=CAT  \\$aBLDSS-3PM$b00$c20141222$lBLL01$h1714
=CAT  \\$aBATCH-CLA$b00$c20160430$lBLL01$h0122
=CAT  \\$aBATCH-UPD$b00$c20160518$lBLL01$h1345
=CAT  \\$aBATCH-CLA$b00$c20160519$lBLL01$h0111
=CFI  0\$aCurrent copyright fee: zero$c5\1$e29-apr-2016$fGBP0.00$g0$hP$5Uk
=FFP  \\$aY$bBLDSS-3PM
=FIN  \\$aY
=LKR  \\$aANA$b012432877$lBLL01$nEUROPEAN JOURNAL OF CANCER -SUPPLEMENT-.$r773$y2004$v2$i3$m4th European breast cancer conference.
=TCO  \\$aCLA$bCLA$c008
=LAS  \\$aBATCH-CLA$b00$c20160519$lBLL01$h0111

