=LDR  02841cab a22006857a 4500
=001  013048650
=003  Uk
=005  20211231171808.0
=008  030729s2003\\\\enk\\\\\\\\\\\100\0\eng\\
=FMT  \\$a  BK
=040  \\$aUk$beng$cUk
=CNF  \\$aInternational conference on computers and industrial engineering$n(27th :$d2000 Oct :$cBeijing)
=245  00$aSelected papers from the 27th International conference on computers and industrial engineering.
=260  \\$bElsevier,$c2004.
=300  \\$a1 v.
=336  \\$atext$2rdacontent
=337  \\$aunmediated$2rdamedia
=338  \\$avolume$2rdacarrier
=591  \\$aSelected papers.
=595  \\$aFor more selected papers see same s/m vol 53 no 2 2007.
=540  \\$aCurrent copyright fee: GBP34.30$c5\1$5Uk
=653  1\$aComputers
=653  1\$aIndustrial engineering
=653  2\$aICC&IE
=700  1\$aXu, Wei-Xuan.
=856  \\$31850-9999$uhttp://www.elsevier.com/journals$xBLDSS
=852  41$aBritish Library$bHMNTS$jELD Digital store
=852  41$aBritish Library$bDSC$j3394.713000
=945  \\$aComputers and industrial engineering, ISSN 0360-8352 ; vol 46 no 2 2004
=CAT  \\$a6933$b40$c20041125$lBLL01$h1415
=CAT  \\$a6019$b40$c20071025$lBLL01$h0927
=CAT  \\$aBATCH-CLA$b00$c20120928$lBLL01$h1823
=CAT  \\$aBATCH-CLA$b00$c20120930$lBLL01$h1024
=CAT  \\$aBATCH-UPD$b00$c20121121$lBLL01$h1656
=CAT  \\$aIPL-CLA$c20121231$lBLL01$h1314
=CAT  \\$aIPL-CLA$c20130102$lBLL01$h1734
=CAT  \\$aBATCH-CLA$b00$c20130508$lBLL01$h0704
=CAT  \\$aBATCH-CLA$b00$c20140125$lBLL01$h1252
=CAT  \\$aBATCH-CLA$b00$c20140202$lBLL01$h0132
=CAT  \\$aBATCH-CLA$c20140225$lBLL01$h2322
=CAT  \\$aBLDSS-3PM$b00$c20141222$lBLL01$h1714
=CAT  \\$aBATCH-UPD$b00$c20160524$lBLL01$h1202
=CAT  \\$aBATCH-CLA$b00$c20160525$lBLL01$h0227
=CAT  \\$aBATCH-UPD$b00$c20171121$lBLL01$h1744
=CAT  \\$aIPL-CLA$c20171231$lBLL01$h1637
=CAT  \\$aBATCH-UPD$b00$c20190521$lBLL01$h1436
=CAT  \\$aBATCH-CLA$b00$c20190522$lBLL01$h0209
=CAT  \\$aBATCH-CLA$b00$c20190522$lBLL01$h0240
=CAT  \\$aIPL-CLA$c20190630$lBLL01$h1533
=CAT  \\$aBATCH-UPD$b00$c20211119$lBLL01$h1553
=CAT  \\$aBATCH-CLA$b00$c20211120$lBLL01$h0139
=CAT  \\$aBATCH-CLA$b00$c20211120$lBLL01$h0212
=CAT  \\$aIPL-CLA$c20211231$lBLL01$h1718
=CFI  0\$aCurrent copyright fee: GBP34.30$c5\1$e01-jan-2022$fGBP34.30$g0$hP$5Uk
=CFI  2\$aPrevious copyright fee: GBP32.84$c5\1$e01-jul-2019$fGBP32.84$g0$hP$5Uk
=FFP  \\$aY$bBLDSS-3PM
=FIN  \\$aY
=LKR  \\$aANA$b012432551$lBLL01$nCOMPUTERS AND INDUSTRIAL ENGINEERING.$r773$y2004$v46$i2$mSelected papers from the 27th International conference on computers and industrial engineering.
=TCO  \\$aCLA$bCLA$c008
=LAS  \\$aIPL-CLA$b00$c20211231$lBLL01$h1718

