=LDR  02784cab a22006857a 4500
=001  013050308
=003  Uk
=005  20211231171809.0
=008  030425s2004\\\\enk\\\\\\\\\\\100\0\eng\\
=FMT  \\$a  BK
=040  \\$aUk$beng$cUk
=CNF  \\$aBritish Society for Haematology (Annual scientific meeting)$d(2004 Apr :$cCardiff)
=245  00$aAbstracts of the papers presented at the annual scientific meeting of the British Society for Haematology.
=260  \\$bBlackwell,$c2004
=300  \\$a1 v.
=336  \\$atext$2rdacontent
=337  \\$aunmediated$2rdamedia
=338  \\$avolume$2rdacarrier
=591  \\$aAbstracts.
=540  \\$aCurrent copyright fee: GBP46.00$c35\0$5Uk
=653  1\$aHaematology
=653  2\$aBSH
=653  2\$aHematology
=710  2\$aBritish Society for Haematology.
=856  \\$31850-9999$uhttp://onlinelibrary.wiley.com/$xBLDSS
=852  41$aBritish Library$bSTI$jELD Digital store
=852  41$aBritish Library$bDSC$j2309.000000
=945  \\$aBritish journal of haematology ; vol 125 suppl 1 2004
=CAT  \\$a6933$b40$c20041129$lBLL01$h0908
=CAT  \\$aBATCH-CLA$b00$c20120928$lBLL01$h1826
=CAT  \\$aBATCH-CLA$b00$c20120930$lBLL01$h1028
=CAT  \\$aBATCH-CLA$b00$c20130508$lBLL01$h0711
=CAT  \\$aBATCH-CLA$b00$c20140125$lBLL01$h1256
=CAT  \\$aBATCH-CLA$b00$c20140205$lBLL01$h0048
=CAT  \\$aBATCH-CLA$c20140225$lBLL01$h2322
=CAT  \\$aBLDSS-3PM$b00$c20141214$lBLL01$h1522
=CAT  \\$aBATCH-UPD$b00$c20150215$lBLL01$h1625
=CAT  \\$aIPL-CLA$c20150228$lBLL01$h2048
=CAT  \\$aBATCH-UPD$b00$c20160517$lBLL01$h1759
=CAT  \\$aBATCH-CLA$b00$c20160518$lBLL01$h0119
=CAT  \\$aW1703-0316$c20170306$lBLL01$h1824
=CAT  \\$aW1703-0316$c20170307$lBLL01$h1647
=CAT  \\$aIPL-CLA$c20170307$lBLL01$h1824
=CAT  \\$aBATCH-UPD$b00$c20180219$lBLL01$h1746
=CAT  \\$aBATCH-UPD$b00$c20181121$lBLL01$h1621
=CAT  \\$aBATCH-CLA$b00$c20181122$lBLL01$h0129
=CAT  \\$aBATCH-CLA$b00$c20181122$lBLL01$h0148
=CAT  \\$aIPL-CLA$c20181231$lBLL01$h1541
=CAT  \\$aBATCH-CLA$b00$c20191128$lBLL01$h0119
=CAT  \\$aIPL-CLA$c20191231$lBLL01$h1930
=CAT  \\$aBATCH-CLA$b00$c20211210$lBLL01$h0107
=CAT  \\$aIPL-CLA$c20211231$lBLL01$h1718
=CFI  0\$aCurrent copyright fee: GBP46.00$c35\0$e01-jan-2022$fGBP46.00$g0$hP$5Uk
=CFI  2\$aPrevious Copyright Fee: GBP39.00$c35\0$e01-jan-2020$fGBP39.00$g0$hP$5Uk
=FFP  \\$aY$bBLDSS-3PM
=FIN  \\$aY
=LKR  \\$aANA$b012432295$lBLL01$nBRITISH JOURNAL OF HAEMATOLOGY.$r773$y2004$v125$i1$kSupplement$mAbstracts of the papers presented at the annual scientific meeting of the British Society for Haematology.
=TCO  \\$aCLA$bCLA$c008
=UNO  \\$aY
=LAS  \\$aIPL-CLA$b00$c20211231$lBLL01$h1718

