=LDR  02786cab a22006737a 4500
=001  013087996
=003  Uk
=005  20211231171822.0
=007  cu||||||||||||
=008  020131s2003\\\\enk\\\\\\\\\\\100\0\eng\\
=FMT  \\$a  BK
=040  \\$aUk$beng$cUk
=CNF  \\$aAtmospheric sciences and applications to air quality (International conference)$n(8th :$d2003 Mar :$cTsukuba, Japan)
=245  00$a8th international conference on atmospheric sciences and applications to air quality (ASAAQ).
=260  \\$bElsevier,$c2004.
=336  \\$atext$2rdacontent
=337  \\$acomputer$2rdamedia
=591  \\$aSelected papers.
=595  \\$aESTAR title.
=540  \\$aCurrent copyright fee: GBP34.30$c5\1$5Uk
=653  1\$aAtmospheric sciences
=653  1\$aAir quality
=653  1\$aASAAQ
=856  \\$31850-9999$uhttp://www.elsevier.com/journals$xBLDSS
=852  41$aBritish Library$bHMNTS$jELD Digital store
=852  41$aBritish Library$bDSC$j1767.120000
=945  \\$aAtmospheric environment, ISSN 1352-2310 ; vol 38 no 40 2004
=CAT  \\$a6933$b40$c20050120$lBLL01$h1148
=CAT  \\$a6933$b40$c20050124$lBLL01$h1104
=CAT  \\$a6933$b40$c20050128$lBLL01$h1431
=CAT  \\$aBATCH-CLA$b00$c20120928$lBLL01$h1826
=CAT  \\$aBATCH-CLA$b00$c20120930$lBLL01$h1028
=CAT  \\$aBATCH-UPD$b00$c20121121$lBLL01$h1656
=CAT  \\$aIPL-CLA$c20121231$lBLL01$h1314
=CAT  \\$aIPL-CLA$c20130102$lBLL01$h1735
=CAT  \\$aBATCH-CLA$b00$c20130508$lBLL01$h0711
=CAT  \\$aBATCH-CLA$b00$c20140125$lBLL01$h1257
=CAT  \\$aBATCH-CLA$b00$c20140202$lBLL01$h0133
=CAT  \\$aBATCH-CLA$c20140225$lBLL01$h2323
=CAT  \\$aBLDSS-3PM$b00$c20141222$lBLL01$h1714
=CAT  \\$aBATCH-UPD$b00$c20160518$lBLL01$h1444
=CAT  \\$aBATCH-CLA$b00$c20160519$lBLL01$h0110
=CAT  \\$aBATCH-UPD$b00$c20171121$lBLL01$h1744
=CAT  \\$aIPL-CLA$c20171231$lBLL01$h1639
=CAT  \\$aBATCH-UPD$b00$c20190521$lBLL01$h1436
=CAT  \\$aBATCH-CLA$b00$c20190522$lBLL01$h0213
=CAT  \\$aBATCH-CLA$b00$c20190522$lBLL01$h0240
=CAT  \\$aIPL-CLA$c20190630$lBLL01$h1534
=CAT  \\$aBATCH-UPD$b00$c20211119$lBLL01$h1553
=CAT  \\$aBATCH-CLA$b00$c20211120$lBLL01$h0144
=CAT  \\$aBATCH-CLA$b00$c20211120$lBLL01$h0213
=CAT  \\$aIPL-CLA$c20211231$lBLL01$h1718
=CFI  0\$aCurrent copyright fee: GBP34.30$c5\1$e01-jan-2022$fGBP34.30$g0$hP$5Uk
=CFI  2\$aPrevious copyright fee: GBP32.84$c5\1$e01-jul-2019$fGBP32.84$g0$hP$5Uk
=FFP  \\$aY$bBLDSS-3PM
=FIN  \\$aY$d20050120
=LKR  \\$aANA$b012432151$lBLL01$r773$y2004$v38$i40$m8th international conference on atmospheric sciences and applications to air quality (ASAAQ)$nATMOSPHERIC ENVIRONMENT.
=TCO  \\$aCLA$bCLA$c008
=LAS  \\$aIPL-CLA$b00$c20211231$lBLL01$h1718

