=LDR  02751cab a22006737a 4500
=001  013090561
=003  Uk
=005  20211231171824.0
=007  cu||||||||||||
=008  050124s2004\\\\ne\\\\\\\\\\\\100\0\eng\\
=FMT  \\$a  BK
=040  \\$aUk$beng$cUk
=CNF  \\$aBaltic atherosclerosis congress$n(3rd :$d2004 May :$cRiga)
=245  04$aThe 3rd Baltic atherosclerosis congress in Riga, May 20-22, 2004.
=260  \\$bElsevier,$c2004
=336  \\$atext$2rdacontent
=337  \\$acomputer$2rdamedia
=591  \\$aPapers and abstracts.
=595  \\$aESTAR title.
=540  \\$aCurrent copyright fee: GBP34.30$c5\1$5Uk
=653  1\$aAtherosclerosis
=710  2\$aBaltic Atherosclerosis Society.
=856  \\$31850-9999$uhttp://www.elsevier.com/journals$xBLDSS
=852  41$aBritish Library$bHMNTS$jELD Digital store
=852  41$aBritish Library$bDSC$j1765.875000
=945  \\$aATHEROSCLEROSIS -AMSTERDAM- SUPPLEMENT-, ISSN 1567-5688 ; vol 5 no 4 2004
=CAT  \\$a6933$b40$c20050124$lBLL01$h1520
=CAT  \\$a6933$b40$c20050124$lBLL01$h1522
=CAT  \\$a6933$b40$c20050124$lBLL01$h1523
=CAT  \\$aBATCH-CLA$b00$c20120928$lBLL01$h1833
=CAT  \\$aBATCH-CLA$b00$c20120930$lBLL01$h1040
=CAT  \\$aBATCH-UPD$b00$c20121121$lBLL01$h1656
=CAT  \\$aIPL-CLA$c20121231$lBLL01$h1314
=CAT  \\$aIPL-CLA$c20130102$lBLL01$h1736
=CAT  \\$aBATCH-CLA$b00$c20130508$lBLL01$h0725
=CAT  \\$aBATCH-CLA$b00$c20130602$lBLL01$h0144
=CAT  \\$aBATCH-CLA$b00$c20140125$lBLL01$h1306
=CAT  \\$aBATCH-CLA$b00$c20140202$lBLL01$h0133
=CAT  \\$aBATCH-CLA$c20140225$lBLL01$h2323
=CAT  \\$aBLDSS-3PM$b00$c20141222$lBLL01$h1714
=CAT  \\$aBATCH-UPD$b00$c20160609$lBLL01$h0905
=CAT  \\$aBATCH-CLA$b00$c20160610$lBLL01$h0128
=CAT  \\$aBATCH-UPD$b00$c20171121$lBLL01$h1744
=CAT  \\$aIPL-CLA$c20171231$lBLL01$h1639
=CAT  \\$aBATCH-UPD$b00$c20190521$lBLL01$h1436
=CAT  \\$aBATCH-CLA$b00$c20190522$lBLL01$h0220
=CAT  \\$aBATCH-CLA$b00$c20190522$lBLL01$h0240
=CAT  \\$aIPL-CLA$c20190630$lBLL01$h1534
=CAT  \\$aBATCH-UPD$b00$c20211119$lBLL01$h1553
=CAT  \\$aBATCH-CLA$b00$c20211120$lBLL01$h0153
=CAT  \\$aBATCH-CLA$b00$c20211120$lBLL01$h0213
=CAT  \\$aIPL-CLA$c20211231$lBLL01$h1718
=CFI  0\$aCurrent copyright fee: GBP34.30$c5\1$e01-jan-2022$fGBP34.30$g0$hP$5Uk
=CFI  2\$aPrevious copyright fee: GBP32.84$c5\1$e01-jul-2019$fGBP32.84$g0$hP$5Uk
=FFP  \\$aY$bBLDSS-3PM
=FIN  \\$aY$d20050124
=LKR  \\$aANA$b012432150$lBLL01$nATHEROSCLEROSIS -AMSTERDAM- SUPPLEMENT-.$r773$y2004$v5$i4$mThe 3rd Baltic atherosclerosis congress in Riga, May 20-22, 2004.
=TCO  \\$aCLA$bCLA$c008
=LAS  \\$aIPL-CLA$b00$c20211231$lBLL01$h1718

