=LDR  02809cab a22006977a 4500
=001  013102628
=003  Uk
=005  20191231193150.0
=007  cr\|||||||||||
=008  020424s2004\\\\enk\\\\\\\\\\\100\0\eng\\
=FMT  \\$a  BK
=040  \\$aUk$beng$cUk
=CNF  \\$aTaisho international symposium on gastroenterology$n(10th :$d2003 Apr :$cShimoda, Japan)
=245  00$a10th Taisho international symposium on gastroenterology.
=260  \\$bBlackwell Science,$c2004.
=336  \\$atext$2rdacontent
=337  \\$acomputer$2rdamedia
=338  \\$aonline resource$2rdacarrier
=591  \\$aSelected papers.
=595  \\$aESTAR title.
=540  \\$aCurrent Copyright Fee: GBP46.00$c35\0$5Uk
=653  1\$aGastroenterology
=653  1\$aTaisho
=856  \\$31850-9999$uhttp://onlinelibrary.wiley.com/$xBLDSS
=852  41$aBritish Library$bSTI$jELD Digital store
=852  41$aBritish Library$bDSC$j0787.886000
=945  \\$aAlimentary pharmacology and therapeutics, ISSN 0953-0673 ; vol 20 supp 1 2004
=CAT  \\$a6933$b40$c20050204$lBLL01$h0829
=CAT  \\$aBATCH-CLA$b00$c20120930$lBLL01$h1035
=CAT  \\$aBATCH-CLA$b00$c20130508$lBLL01$h0720
=CAT  \\$aBATCH-CLA$b00$c20140125$lBLL01$h1303
=CAT  \\$aBATCH-CLA$b00$c20140205$lBLL01$h0048
=CAT  \\$aBATCH-CLA$c20140225$lBLL01$h2323
=CAT  \\$a11279$b40$c20140820$lBLL01$h1448
=CAT  \\$aBATCH-CLA$b00$c20140821$lBLL01$h0035
=CAT  \\$aBLDSS-3PM$b00$c20141214$lBLL01$h1522
=CAT  \\$aBATCH-UPD$b00$c20150215$lBLL01$h1625
=CAT  \\$aIPL-CLA$c20150228$lBLL01$h2048
=CAT  \\$aBATCH-UPD$b00$c20160519$lBLL01$h1311
=CAT  \\$aBATCH-CLA$b00$c20160520$lBLL01$h0112
=CAT  \\$aW1703-0316$c20170306$lBLL01$h1824
=CAT  \\$aW1703-0316$c20170307$lBLL01$h1647
=CAT  \\$aIPL-CLA$c20170307$lBLL01$h1824
=CAT  \\$aBATCH-UPD$b00$c20180219$lBLL01$h1746
=CAT  \\$a8244$b40$c20181101$lBLL01$h0930
=CAT  \\$a8244$b40$c20181101$lBLL01$h0931
=CAT  \\$aBATCH-CLA$b00$c20181102$lBLL01$h0106
=CAT  \\$aBATCH-UPD$b00$c20181121$lBLL01$h1621
=CAT  \\$aBATCH-CLA$b00$c20181122$lBLL01$h0132
=CAT  \\$aBATCH-CLA$b00$c20181122$lBLL01$h0148
=CAT  \\$aIPL-CLA$c20181231$lBLL01$h1541
=CAT  \\$aBATCH-CLA$b00$c20191128$lBLL01$h0119
=CAT  \\$aIPL-CLA$c20191231$lBLL01$h1931
=CFI  0\$aCurrent Copyright Fee: GBP46.00$c35\0$e01-jan-2020$fGBP46.00$g0$hP$5Uk
=CFI  2\$aPrevious copyright fee: GBP28.00$c35\0$e01-jan-2019$fGBP28.00$g0$hP$5Uk
=FFP  \\$aY$bBLDSS-3PM
=FIN  \\$aY$d20050204
=LKR  \\$aANA$b012431962$lBLL01$nAlimentary pharmacology & therapeutics$m10th Taisho international symposium on gastroenterology.$r773$y2004$v20$i1$psn
=TCO  \\$aCLA$bCLA$c008
=UNO  \\$aY
=LAS  \\$aIPL-CLA$b00$c20191231$lBLL01$h1931

