=LDR  02789cab a22006977a 4500
=001  013109799
=003  Uk
=005  20211231171832.0
=007  cu\|||||||||||
=008  050212s2004\\\\enk\\\\\\\\\\\100\0\eng\\
=FMT  \\$a  BK
=040  \\$aUk$beng$cUk
=CNF  \\$aVerification, model checking and abstract interpretation (International conference)$n(4th :$d2003 Jan :$cNew York, NY)
=245  00$aSpecial issue of VMCAI'03.
=260  \\$bElsevier,$c2004.
=336  \\$atext$2rdacontent
=337  \\$acomputer$2rdamedia
=591  \\$aSelected papers.
=595  \\$aESTAR title.
=540  \\$aCurrent copyright fee: GBP34.30$c5\1$5Uk
=653  1\$aVerification
=653  1\$aModel checking
=653  1\$aAbstract interpretation
=653  1\$aVMCAI
=856  \\$31850-9999$uhttp://www.elsevier.com/journals$xBLDSS
=852  41$aBritish Library$bDSC$j3394.071000
=852  41$aBritish Library$bSTI$jELD Digital store
=945  \\$aComputer languages, systems & structures, ISSN 1477-8424 ; vol 30 nos 3-4 2004
=CAT  \\$a7196$b40$c20050212$lBLL01$h0835
=CAT  \\$aBATCH-CLA$b00$c20120928$lBLL01$h1839
=CAT  \\$aBATCH-CLA$b00$c20120930$lBLL01$h1050
=CAT  \\$aBATCH-UPD$b00$c20121121$lBLL01$h1656
=CAT  \\$aIPL-CLA$c20121231$lBLL01$h1315
=CAT  \\$aIPL-CLA$c20130102$lBLL01$h1736
=CAT  \\$aBATCH-CLA$b00$c20130508$lBLL01$h0738
=CAT  \\$aBATCH-CLA$b00$c20140125$lBLL01$h1313
=CAT  \\$aBATCH-CLA$b00$c20140202$lBLL01$h0133
=CAT  \\$aBATCH-CLA$c20140225$lBLL01$h2323
=CAT  \\$aBATCH-CLA$b00$c20140409$lBLL01$h0132
=CAT  \\$aBLDSS-3PM$b00$c20141222$lBLL01$h1714
=CAT  \\$aBATCH-CLA$b00$c20141223$lBLL01$h0108
=CAT  \\$aBATCH-UPD$b00$c20160617$lBLL01$h1114
=CAT  \\$aBATCH-CLA$b00$c20160618$lBLL01$h0137
=CAT  \\$aBATCH-UPD$b00$c20171121$lBLL01$h1744
=CAT  \\$aBATCH-CLA$b00$c20171122$lBLL01$h0200
=CAT  \\$aIPL-CLA$c20171231$lBLL01$h1639
=CAT  \\$aBATCH-UPD$b00$c20190521$lBLL01$h1436
=CAT  \\$aBATCH-CLA$b00$c20190522$lBLL01$h0226
=CAT  \\$aBATCH-CLA$b00$c20190522$lBLL01$h0240
=CAT  \\$aIPL-CLA$c20190630$lBLL01$h1534
=CAT  \\$aBATCH-UPD$b00$c20211119$lBLL01$h1554
=CAT  \\$aBATCH-CLA$b00$c20211120$lBLL01$h0200
=CAT  \\$aBATCH-CLA$b00$c20211120$lBLL01$h0213
=CAT  \\$aIPL-CLA$c20211231$lBLL01$h1718
=CFI  0\$aCurrent copyright fee: GBP34.30$c5\1$e01-jan-2022$fGBP34.30$g0$hP$5Uk
=CFI  2\$aPrevious copyright fee: GBP32.84$c5\1$e01-jul-2019$fGBP32.84$g0$hP$5Uk
=FFP  \\$aY$bBLDSS-3PM
=FIN  \\$aY$d20050212
=LKR  \\$aANA$b012432530$lBLL01$nCOMPUTER LANGUAGES SYSTEMS AND STRUCTURES.$r773$y2004$v30$i3/4$mSpecial issue of VMCAI'03.
=TCO  \\$aCLA$bCLA$c008
=LAS  \\$aIPL-CLA$b00$c20211231$lBLL01$h1718

