=LDR  02758cab a22006737a 4500
=001  013109810
=003  Uk
=005  20211231171832.0
=007  cu\|||||||||||
=008  050212s2004\\\\enk\\\\\\\\\\\100\0\eng\\
=FMT  \\$a  BK
=040  \\$aUk$beng$cUk
=CNF  \\$aComposites (National conference)$n(13th :$d2003 Mar :$cStrasbourg, France)
=245  00$aFrench 13th national conference on composites :$bJNC13 - treizièmes journées nationales sur les composites.
=260  \\$aBarking :$bElsevier,$c2004.
=336  \\$atext$2rdacontent
=337  \\$acomputer$2rdamedia
=591  \\$aSelected papers.
=595  \\$aESTAR title.
=540  \\$aCurrent copyright fee: GBP34.30$c5\1$5Uk
=653  1\$aComposites
=653  1\$aJNC
=856  \\$31850-9999$uhttp://www.elsevier.com/journals$xBLDSS
=852  41$aBritish Library$bHMNTS$jELD Digital store
=852  41$aBritish Library$bDSC$j3365.650000
=945  \\$aComposites science and technology, ISSN 0266-3538 ; vol 65 issue 3-4 2004
=CAT  \\$a7196$b40$c20050212$lBLL01$h0848
=CAT  \\$a7196$b40$c20050214$lBLL01$h1345
=CAT  \\$a7196$b40$c20050214$lBLL01$h1347
=CAT  \\$a6019$b40$c20070208$lBLL01$h1002
=CAT  \\$aBATCH-CLA$b00$c20120928$lBLL01$h1821
=CAT  \\$aBATCH-CLA$b00$c20120930$lBLL01$h1020
=CAT  \\$aBATCH-UPD$b00$c20121121$lBLL01$h1656
=CAT  \\$aIPL-CLA$c20121231$lBLL01$h1315
=CAT  \\$aIPL-CLA$c20130102$lBLL01$h1736
=CAT  \\$aBATCH-CLA$b00$c20130508$lBLL01$h0659
=CAT  \\$aBATCH-CLA$b00$c20140125$lBLL01$h1249
=CAT  \\$aBATCH-CLA$b00$c20140202$lBLL01$h0133
=CAT  \\$aBATCH-CLA$c20140225$lBLL01$h2323
=CAT  \\$aBLDSS-3PM$b00$c20141222$lBLL01$h1714
=CAT  \\$aBATCH-UPD$b00$c20160524$lBLL01$h0958
=CAT  \\$aBATCH-CLA$b00$c20160525$lBLL01$h0227
=CAT  \\$aBATCH-UPD$b00$c20171121$lBLL01$h1744
=CAT  \\$aIPL-CLA$c20171231$lBLL01$h1639
=CAT  \\$aBATCH-UPD$b00$c20190521$lBLL01$h1436
=CAT  \\$aBATCH-CLA$b00$c20190522$lBLL01$h0204
=CAT  \\$aBATCH-CLA$b00$c20190522$lBLL01$h0240
=CAT  \\$aIPL-CLA$c20190630$lBLL01$h1534
=CAT  \\$aBATCH-UPD$b00$c20211119$lBLL01$h1554
=CAT  \\$aBATCH-CLA$b00$c20211120$lBLL01$h0133
=CAT  \\$aBATCH-CLA$b00$c20211120$lBLL01$h0213
=CAT  \\$aIPL-CLA$c20211231$lBLL01$h1718
=CFI  0\$aCurrent copyright fee: GBP34.30$c5\1$e01-jan-2022$fGBP34.30$g0$hP$5Uk
=CFI  2\$aPrevious copyright fee: GBP32.84$c5\1$e01-jul-2019$fGBP32.84$g0$hP$5Uk
=FFP  \\$aY$bBLDSS-3PM
=FIN  \\$aY$d20050212
=LKR  \\$aANA$b012432503$lBLL01$nComposites science and technology.$mFrench 13th national conference on composite$r773$y2005$v65$i3/4
=TCO  \\$aCLA$bCLA$c008
=LAS  \\$aIPL-CLA$b00$c20211231$lBLL01$h1718

