=LDR  02801cab a22006737a 4500
=001  013110752
=003  Uk
=005  20211231171832.0
=008  050214s2005\\\\ne\\\\\\\\\\\\100\0\eng\\
=FMT  \\$a  BK
=040  \\$aUk$beng$cUk
=CNF  \\$aInternational conference on cognitive modeling$n(6th :$d2004 Jul :$cPittsburgh, PA)
=245  00$aSpecial issue of cognitive systems research - the best papers from ICCM2004 /$cguest editors, Christian D. Schunn ... [et al.].
=260  \\$bElsevier,$c2005.
=336  \\$atext$2rdacontent
=337  \\$aunmediated$2rdamedia
=338  \\$avolume$2rdacarrier
=591  \\$aSelected papers.
=595  \\$aESTAR title.
=540  \\$aCurrent copyright fee: GBP34.30$c5\1$5Uk
=653  1\$aCognitive modeling
=653  1\$aICCM
=700  1\$aSchunn, Christian D.
=856  \\$31850-9999$uhttp://www.elsevier.com/journals$xBLDSS
=852  41$aBritish Library$bDSC$j3292.893000
=852  41$aBritish Library$bHMNTS$jELD Digital store
=945  \\$aCognitive systems research ; vol 6 no 1 2005
=CAT  \\$a7196$b40$c20050214$lBLL01$h1447
=CAT  \\$aBATCH-CLA$b00$c20120928$lBLL01$h1839
=CAT  \\$aBATCH-CLA$b00$c20120930$lBLL01$h1052
=CAT  \\$aBATCH-UPD$b00$c20121121$lBLL01$h1656
=CAT  \\$aIPL-CLA$c20121231$lBLL01$h1315
=CAT  \\$aIPL-CLA$c20130102$lBLL01$h1736
=CAT  \\$aBATCH-CLA$b00$c20130508$lBLL01$h0740
=CAT  \\$aBATCH-CLA$b00$c20140125$lBLL01$h1314
=CAT  \\$aBATCH-CLA$c20140225$lBLL01$h2323
=CAT  \\$aBATCH-CLA$b00$c20140409$lBLL01$h0132
=CAT  \\$aBLDSS-3PM$b00$c20141222$lBLL01$h1714
=CAT  \\$aBATCH-CLA$b00$c20141223$lBLL01$h0108
=CAT  \\$aBATCH-UPD$b00$c20170304$lBLL01$h1340
=CAT  \\$aBATCH-CLA$b00$c20170305$lBLL01$h0116
=CAT  \\$aBATCH-UPD$b00$c20171121$lBLL01$h1744
=CAT  \\$aBATCH-CLA$b00$c20171122$lBLL01$h0200
=CAT  \\$aIPL-CLA$c20171231$lBLL01$h1639
=CAT  \\$aBATCH-UPD$b00$c20190521$lBLL01$h1436
=CAT  \\$aBATCH-CLA$b00$c20190522$lBLL01$h0226
=CAT  \\$aBATCH-CLA$b00$c20190522$lBLL01$h0240
=CAT  \\$aIPL-CLA$c20190630$lBLL01$h1534
=CAT  \\$aBATCH-UPD$b00$c20211119$lBLL01$h1554
=CAT  \\$aBATCH-CLA$b00$c20211120$lBLL01$h0200
=CAT  \\$aBATCH-CLA$b00$c20211120$lBLL01$h0213
=CAT  \\$aIPL-CLA$c20211231$lBLL01$h1718
=CFI  0\$aCurrent copyright fee: GBP34.30$c5\1$e01-jan-2022$fGBP34.30$g0$hP$5Uk
=CFI  2\$aPrevious copyright fee: GBP32.84$c5\1$e01-jul-2019$fGBP32.84$g0$hP$5Uk
=FFP  \\$aY$bBLDSS-3PM
=FIN  \\$aY$d20050214
=LKR  \\$aANA$b012432471$lBLL01$nCOGNITIVE SYSTEMS RESEARCH.$r773$y2005$v6$i1$mSpecial issue of cognitive systems research - the best papers from ICCM2004 /
=TCO  \\$aNLD$bSTICHTING REPRORECHT$c008
=LAS  \\$aIPL-CLA$b00$c20211231$lBLL01$h1718

