=LDR  02845cab a22006857a 4500
=001  013110860
=003  Uk
=005  20211231171832.0
=008  050214s2003\\\\enk\\\\\\\\\\\100\0\eng\\
=FMT  \\$a  BK
=040  \\$aUk$beng$cUk
=CNF  \\$aClinical microbiology and infectious diseases (European congress)$n(13th :$d2003 May :$cGlasgow)
=245  00$a13th European congress of clinical microbiology and infectious diseases.
=260  \\$bBlackwell,$c2003.
=300  \\$aPages 1-451
=336  \\$atext$2rdacontent
=337  \\$aunmediated$2rdamedia
=338  \\$avolume$2rdacarrier
=591  \\$aSelected papers.
=595  \\$aESTAR title.
=540  \\$aCurrent copyright fee: GBP34.30$c5\1$5Uk
=653  1\$aClinical microbiology
=653  1\$aInfectious diseases
=856  \\$31850-9999$uhttp://onlinelibrary.wiley.com/$xBLDSS
=852  41$aBritish Library$bSTI$jELD Digital store
=852  41$aBritish Library$bDSC$j3286.305520
=945  \\$aClinical microbiology and infectious diseases, ISSN 1198-743x ; vol 9 suppl 1 2003
=CAT  \\$a7196$b40$c20050214$lBLL01$h1548
=CAT  \\$aBATCH-CLA$b00$c20130508$lBLL01$h0738
=CAT  \\$aBATCH-CLA$b00$c20130718$lBLL01$h0044
=CAT  \\$a10934$b40$c20131209$lBLL01$h1041
=CAT  \\$aBATCH-CLA$b00$c20131210$lBLL01$h0035
=CAT  \\$aBATCH-CLA$b00$c20140125$lBLL01$h1313
=CAT  \\$aBATCH-CLA$b00$c20140205$lBLL01$h0048
=CAT  \\$aBATCH-CLA$c20140225$lBLL01$h2323
=CAT  \\$aBATCH-CLA$b00$c20141212$lBLL01$h0121
=CAT  \\$aBLDSS-3PM$b00$c20141214$lBLL01$h1522
=CAT  \\$aIPL-CLA$c20141231$lBLL01$h1652
=CAT  \\$aBATCH-CLA$b00$c20150307$lBLL01$h0038
=CAT  \\$aBATCH-UPD$b00$c20160529$lBLL01$h2357
=CAT  \\$aBATCH-CLA$b00$c20160530$lBLL01$h0107
=CAT  \\$a10969$b40$c20161104$lBLL01$h1619
=CAT  \\$aBATCH-CLA$b00$c20161105$lBLL01$h0116
=CAT  \\$aBATCH-UPD$b00$c20171121$lBLL01$h1744
=CAT  \\$aIPL-CLA$c20171231$lBLL01$h1639
=CAT  \\$aBATCH-UPD$b00$c20190521$lBLL01$h1436
=CAT  \\$aBATCH-CLA$b00$c20190522$lBLL01$h0226
=CAT  \\$aBATCH-CLA$b00$c20190522$lBLL01$h0240
=CAT  \\$aIPL-CLA$c20190630$lBLL01$h1534
=CAT  \\$aBATCH-UPD$b00$c20211119$lBLL01$h1554
=CAT  \\$aBATCH-CLA$b00$c20211120$lBLL01$h0159
=CAT  \\$aBATCH-CLA$b00$c20211120$lBLL01$h0213
=CAT  \\$aIPL-CLA$c20211231$lBLL01$h1718
=CFI  0\$aCurrent copyright fee: GBP34.30$c5\1$e01-jan-2022$fGBP34.30$g0$hP$5Uk
=CFI  2\$aPrevious copyright fee: GBP32.84$c5\1$e01-jul-2019$fGBP32.84$g0$hP$5Uk
=FFP  \\$aY$bBLDSS-3PM
=FIN  \\$aY$d20050214
=LKR  \\$aANA$b012432441$lBLL01$nClinical microbiology and infection$r773$y2003$v9$i1$psn$m13th European congress of clinical microbiology and infectious diseases.
=TCO  \\$aCLA$bCLA$c008
=LAS  \\$aIPL-CLA$b00$c20211231$lBLL01$h1718

