=LDR  02901cab a22006857a 4500
=001  013110878
=003  Uk
=005  20191231193200.0
=008  050214s2004\\\\enk\\\\\\\\\\\100\0\eng\\
=FMT  \\$a  BK
=040  \\$aUk$beng$cUk
=CNF  \\$aClinical pharmacology & therapeutics (World congress)$n(8th :$d2004 Aug :$cBrisbane, Australia)
=245  00$aAbstracts of the 8th world congress on clinical pharmacology & therapeutics.
=260  \\$bBlackwell,$c2004.
=336  \\$atext$2rdacontent
=337  \\$aunmediated$2rdamedia
=338  \\$avolume$2rdacarrier
=591  \\$aAbstracts.
=595  \\$aESTAR title. See also 4362.56575 vol 7 no 10 2004 for report.
=540  \\$aCurrent Copyright Fee: GBP39.00$c35\0$5Uk
=653  1\$aClinical pharmacology
=653  1\$aTherapeutics
=856  \\$31850-9999$uhttp://onlinelibrary.wiley.com/$xBLDSS
=852  41$aBritish Library$bDSC$j3286.252000
=852  41$aBritish Library$bHMNTS$jELD Digital store
=945  \\$aClinical and experimental pharmacology and physiology, ISSN 0305-1870 ; vol 31 suppl 1 2003
=CAT  \\$a7196$b40$c20050214$lBLL01$h1556
=CAT  \\$aBATCH-CLA$b00$c20120928$lBLL01$h1838
=CAT  \\$aBATCH-CLA$b00$c20120930$lBLL01$h1050
=CAT  \\$aBATCH-CLA$b00$c20130508$lBLL01$h0738
=CAT  \\$aBATCH-CLA$b00$c20130718$lBLL01$h0044
=CAT  \\$aBATCH-CLA$b00$c20140125$lBLL01$h1313
=CAT  \\$aBATCH-CLA$b00$c20140205$lBLL01$h0048
=CAT  \\$aBATCH-CLA$c20140225$lBLL01$h2323
=CAT  \\$aBLDSS-3PM$b00$c20141214$lBLL01$h1522
=CAT  \\$aBATCH-UPD$b00$c20150215$lBLL01$h1625
=CAT  \\$aIPL-CLA$c20150228$lBLL01$h2048
=CAT  \\$aBATCH-UPD$b00$c20160519$lBLL01$h1844
=CAT  \\$aBATCH-CLA$b00$c20160520$lBLL01$h0112
=CAT  \\$aW1703-0316$c20170306$lBLL01$h1824
=CAT  \\$aW1703-0316$c20170307$lBLL01$h1647
=CAT  \\$aIPL-CLA$c20170307$lBLL01$h1824
=CAT  \\$aBATCH-UPD$b00$c20180219$lBLL01$h1746
=CAT  \\$a8244$b40$c20181102$lBLL01$h0905
=CAT  \\$a8244$b40$c20181102$lBLL01$h0906
=CAT  \\$aBATCH-CLA$b00$c20181103$lBLL01$h0120
=CAT  \\$aBATCH-UPD$b00$c20181121$lBLL01$h1621
=CAT  \\$aBATCH-CLA$b00$c20181122$lBLL01$h0139
=CAT  \\$aBATCH-CLA$b00$c20181122$lBLL01$h0148
=CAT  \\$aIPL-CLA$c20181231$lBLL01$h1541
=CAT  \\$aBATCH-CLA$b00$c20191128$lBLL01$h0119
=CAT  \\$aIPL-CLA$c20191231$lBLL01$h1932
=CFI  0\$aCurrent Copyright Fee: GBP39.00$c35\0$e01-jan-2020$fGBP39.00$g0$hP$5Uk
=CFI  2\$aPrevious copyright fee: GBP28.00$c35\0$e01-jan-2019$fGBP28.00$g0$hP$5Uk
=FFP  \\$aY$bBLDSS-3PM
=FIN  \\$aY$d20050214
=LKR  \\$aANA$b012432426$lBLL01$nClinical and experimental pharmacology & physiology$mAbstracts of the 8th world congress on clinical pharmacology & therapeutics.$r773$y2004$v31$i1$psn
=TCO  \\$aCLA$bCLA$c008
=UNO  \\$aY
=LAS  \\$aIPL-CLA$b00$c20191231$lBLL01$h1932

