=LDR  02925cab a22006977a 4500
=001  013115369
=003  Uk
=005  20211231171834.0
=008  050218s2005\\\\enk\\\\\\\\\\\100\0\eng\\
=FMT  \\$a  BK
=040  \\$aUk$beng$cUk
=CNF  \\$aCorrosion, electrodeposition and surface treatment (Symposium)$d(2003 Aug :$cSão Pedro, Brazil)
=245  00$aCorrosion, electrodeposition and surface treatment :$bsymposium 6 : a selection of papers presented to the 54th ISE meeting /$cguest editors, I.L. Müller, A.V. Benedetti, O.R. Mattos.
=260  \\$bElsevier,$c2005.
=336  \\$atext$2rdacontent
=337  \\$aunmediated$2rdamedia
=338  \\$avolume$2rdacarrier
=591  \\$aPapers. Held as part of the 54th Annual meeting of the International Society of Electrochemistry.
=595  \\$aESTAR title.
=540  \\$aCurrent copyright fee: GBP34.30$c5\1$5Uk
=653  1\$aCorrosion
=653  1\$aElectrodeposition
=653  1\$aSurface treatment
=653  1\$aElectrochemistry
=700  1\$aMüller, I. L.
=700  1\$aBenedetti, A. V.
=700  1\$aMattos, O. R.
=856  \\$31850-9999$uhttp://www.elsevier.com/journals$xBLDSS
=852  41$aBritish Library$bSTI$jELD Digital store
=852  41$aBritish Library$bDSC$j3476.500000
=945  \\$aCorrosion science, ISSN 0010-938x ; vol 47 no 3 2004
=CAT  \\$a7196$b40$c20050218$lBLL01$h1118
=CAT  \\$aBATCH-CLA$b00$c20120928$lBLL01$h1839
=CAT  \\$aBATCH-CLA$b00$c20120930$lBLL01$h1052
=CAT  \\$aBATCH-UPD$b00$c20121121$lBLL01$h1656
=CAT  \\$aIPL-CLA$c20121231$lBLL01$h1315
=CAT  \\$aIPL-CLA$c20130102$lBLL01$h1737
=CAT  \\$aBATCH-CLA$b00$c20130508$lBLL01$h0740
=CAT  \\$aBATCH-CLA$b00$c20140125$lBLL01$h1314
=CAT  \\$aBATCH-CLA$b00$c20140202$lBLL01$h0133
=CAT  \\$aBATCH-CLA$c20140225$lBLL01$h2323
=CAT  \\$aBLDSS-3PM$b00$c20141222$lBLL01$h1714
=CAT  \\$aBATCH-UPD$b00$c20160518$lBLL01$h1420
=CAT  \\$aBATCH-CLA$b00$c20160519$lBLL01$h0111
=CAT  \\$aBATCH-UPD$b00$c20171121$lBLL01$h1744
=CAT  \\$aIPL-CLA$c20171231$lBLL01$h1640
=CAT  \\$aBATCH-UPD$b00$c20190521$lBLL01$h1436
=CAT  \\$aBATCH-CLA$b00$c20190522$lBLL01$h0226
=CAT  \\$aBATCH-CLA$b00$c20190522$lBLL01$h0240
=CAT  \\$aIPL-CLA$c20190630$lBLL01$h1534
=CAT  \\$aBATCH-UPD$b00$c20211119$lBLL01$h1554
=CAT  \\$aBATCH-CLA$b00$c20211120$lBLL01$h0200
=CAT  \\$aBATCH-CLA$b00$c20211120$lBLL01$h0213
=CAT  \\$aIPL-CLA$c20211231$lBLL01$h1718
=CFI  0\$aCurrent copyright fee: GBP34.30$c5\1$e01-jan-2022$fGBP34.30$g0$hP$5Uk
=CFI  2\$aPrevious copyright fee: GBP32.84$c5\1$e01-jul-2019$fGBP32.84$g0$hP$5Uk
=FFP  \\$aY$bBLDSS-3PM
=FIN  \\$aY$d20050218
=LKR  \\$aANA$b012432590$lBLL01$nCORROSION SCIENCE.$mCorrosion, electrodeposition and surface tre$r773$y2005$v47$i3
=TCO  \\$aCLA$bCLA$c008
=LAS  \\$aIPL-CLA$b00$c20211231$lBLL01$h1718

