=LDR  02587cab a22006377a 4500
=001  013115469
=003  Uk
=005  20211231171834.0
=008  050218s2004\\\\enk\\\\\\\\\\\100\0\eng\\
=FMT  \\$a  BK
=040  \\$aUk$beng$cUk
=CNF  \\$aMIT conference on computational fluid and solid mechanics$n(2nd :$d2003 Jun :$cCambridge, Mass.)
=245  00$aNonlinear dynamics of fluid and solid continuous systems.
=260  \\$bElsevier,$c2004.
=336  \\$atext$2rdacontent
=337  \\$aunmediated$2rdamedia
=338  \\$avolume$2rdacarrier
=591  \\$aSelected papers.
=595  \\$aESTAR title.
=540  \\$aCurrent copyright fee: GBP34.30$c5\1$5Uk
=653  1\$aComputational fluid mechanics
=653  1\$aComputational solid mechanics
=653  1\$aMIT
=856  \\$31850-9999$uhttp://www.elsevier.com/journals$xBLDSS
=852  41$aBritish Library$bHMNTS$jELD Digital store
=852  41$aBritish Library$bDSC$j3394.790000
=945  \\$aComputers & structures, ISSN 0045-7949 ; vol 82 no 31-32 2004
=CAT  \\$a7196$b40$c20050218$lBLL01$h1204
=CAT  \\$aBATCH-CLA$b00$c20120928$lBLL01$h1839
=CAT  \\$aBATCH-CLA$b00$c20120930$lBLL01$h1050
=CAT  \\$aBATCH-UPD$b00$c20121121$lBLL01$h1656
=CAT  \\$aIPL-CLA$c20121231$lBLL01$h1315
=CAT  \\$aIPL-CLA$c20130102$lBLL01$h1737
=CAT  \\$aBATCH-CLA$b00$c20130508$lBLL01$h0738
=CAT  \\$aBATCH-CLA$b00$c20140125$lBLL01$h1313
=CAT  \\$aBATCH-CLA$b00$c20140202$lBLL01$h0133
=CAT  \\$aBATCH-CLA$c20140225$lBLL01$h2323
=CAT  \\$aBLDSS-3PM$b00$c20141222$lBLL01$h1714
=CAT  \\$aBATCH-UPD$b00$c20160520$lBLL01$h1121
=CAT  \\$aBATCH-UPD$b00$c20171121$lBLL01$h1744
=CAT  \\$aIPL-CLA$c20171231$lBLL01$h1640
=CAT  \\$aBATCH-UPD$b00$c20190521$lBLL01$h1436
=CAT  \\$aBATCH-CLA$b00$c20190522$lBLL01$h0226
=CAT  \\$aBATCH-CLA$b00$c20190522$lBLL01$h0240
=CAT  \\$aIPL-CLA$c20190630$lBLL01$h1534
=CAT  \\$aBATCH-UPD$b00$c20211119$lBLL01$h1554
=CAT  \\$aBATCH-CLA$b00$c20211120$lBLL01$h0200
=CAT  \\$aBATCH-CLA$b00$c20211120$lBLL01$h0213
=CAT  \\$aIPL-CLA$c20211231$lBLL01$h1718
=CFI  0\$aCurrent copyright fee: GBP34.30$c5\1$e01-jan-2022$fGBP34.30$g0$hP$5Uk
=CFI  2\$aPrevious copyright fee: GBP32.84$c5\1$e01-jul-2019$fGBP32.84$g0$hP$5Uk
=FFP  \\$aY$bBLDSS-3PM
=FIN  \\$aY$d20050218
=LKR  \\$aANA$b012432555$lBLL01$nCOMPUTERS AND STRUCTURES.$r773$y2004$v82$i31/32$mNonlinear dynamics of fluid and solid continuous systems.
=TCO  \\$aCLA$bCLA$c008
=LAS  \\$aIPL-CLA$b00$c20211231$lBLL01$h1718

