=LDR  02932caa a22007217a 4500
=001  013190518
=003  Uk
=005  20230427011059.0
=008  050504s2005\\\\enk\\\\\\\\\\\100\0\eng\\
=FMT  \\$a  BK
=040  \\$aUk$beng$cUk
=CNF  \\$aEpidemiology (World congress)$n(17th :$d2005 Aug :$cBangkok)
=245  00$aEpidemiology & equity in health: methodological challenges & startegies for the 21st century.
=260  \\$bOUP,$c2005.
=300  \\$ap. v-vii.
=336  \\$atext$2rdacontent
=337  \\$aunmediated$2rdamedia
=338  \\$avolume$2rdacarrier
=591  \\$aPreview & programme.
=540  \\$aCurrent Copyright Fee: GBP32.00$c29\0$5Uk
=653  1\$aEpidemiology
=653  1\$aEquity
=653  1\$aHealth
=653  1\$aWCE
=856  \\$31850-9999$uhttp://ukcatalogue.oup.com/$xBLDSS
=852  41$aBritish Library$bDSC$j4542.244000
=852  41$aBritish Library$bHMNTS$jELD Digital store
=945  \\$aInternational journal of epidemiology, ISSN 0300-5771 ; vol 34 no 2 2005
=CAT  \\$a6019$b40$c20050504$lBLL01$h0957
=CAT  \\$aBATCH-CLA$b00$c20160524$lBLL01$h0109
=CAT  \\$aBATCH-UPD$b00$c20160524$lBLL01$h2210
=CAT  \\$aBATCH-UPD$b00$c20161122$lBLL01$h1520
=CAT  \\$aIPL-CLA$c20161230$lBLL01$h2139
=CAT  \\$aBATCH-UPD$b00$c20171121$lBLL01$h1703
=CAT  \\$aIPL-CLA$c20171231$lBLL01$h1642
=CAT  \\$aBATCH-UPD$b00$c20181217$lBLL01$h1651
=CAT  \\$aBATCH-CLA$b00$c20181218$lBLL01$h0120
=CAT  \\$aBATCH-CLA$b00$c20181218$lBLL01$h0139
=CAT  \\$aIPL-CLA$c20181231$lBLL01$h1542
=CAT  \\$aBATCH-CLA$b00$c20191207$lBLL01$h0107
=CAT  \\$aIPL-CLA$c20191231$lBLL01$h1933
=CAT  \\$aBATCH-UPD$b00$c20220308$lBLL01$h1734
=CAT  \\$aBATCH-CLA$b00$c20220309$lBLL01$h0139
=CAT  \\$aBATCH-CLA$b00$c20220309$lBLL01$h0145
=CAT  \\$aIPL-CLA$c20220331$lBLL01$h2231
=CAT  \\$aBATCH-CLA$b00$c20230315$lBLL01$h0142
=CAT  \\$aBATCH-CLA$b00$c20230323$lBLL01$h0112
=CAT  \\$aBATCH-CLA$b00$c20230324$lBLL01$h0111
=CAT  \\$aBATCH-CLA$b00$c20230324$lBLL01$h0116
=CAT  \\$aIPL-CLA$c20230331$lBLL01$h1643
=CAT  \\$aS2304-0519$c20230412$lBLL01$h1139
=CAT  \\$aBATCH-CLA$b00$c20230413$lBLL01$h0110
=CAT  \\$aBATCH-SUPP$c20230426$lBLL01$h1108
=CAT  \\$aBATCH-CLA$b00$c20230427$lBLL01$h0110
=CFI  0\$aCurrent Copyright Fee: GBP32.00$c29\0$e01-apr-2023$fGBP32.00$g0$hP$5Uk
=FFP  \\$aY$bBLDSS-3PM
=FIN  \\$aY$d20050504
=LKR  \\$aANA$b012433459$lBLL01$nINTERNATIONAL JOURNAL OF EPIDEMIOLOGY.$r773$y2005$v34$i2$mEpidemiology & equity in health: methodological challenges & startegies for the 21st century.
=TCO  \\$aCLA$bCLA$c008
=UNO  \\$aY
=ACF  \\$aPrevious copyright fee: GBP20.00$c29\0$e01-jan-2013$fGBP20.00$g0$hP$5Uk
=ACF  \\$aPrevious copyright fee: GBP24.00$c29\0$e01-jan-2016$fGBP24.00$g0$hP$5Uk
=LAS  \\$aBATCH-CLA$b00$c20230427$lBLL01$h0110

