=LDR  02788caa a22006737a 4500
=001  013523988
=003  Uk
=005  20211231172105.0
=008  060803s2006\\\\xxu\\\\\\\\\\\100\0\eng\\
=FMT  \\$a  BK
=040  \\$aUk$beng$cUk
=CNF  \\$aHCI research in MIS (Written symposium)$d(2006)
=245  00$aHuman computer interaction research in the management information systems discipline/$cedited by Nah, F. F. [et al]
=260  \\$bElsevier,$c2006.
=300  \\$ap. 787-829.
=336  \\$atext$2rdacontent
=337  \\$aunmediated$2rdamedia
=338  \\$avolume$2rdacarrier
=591  \\$aSelected papers.
=540  \\$aCurrent copyright fee: GBP34.30$c5\1$5Uk
=653  1\$aHCI research
=653  1\$aMIS
=653  1\$aManagement information systems discipline
=653  1\$aHuman computer interaction research
=710  2\$aNah, F.F.
=856  \\$31850-9999$uhttp://www.elsevier.com/journals$xBLDSS
=852  41$aBritish Library$bHMNTS$jELD Digital store
=852  41$aBritish Library$bDSC$j4542.288100
=945  \\$aInternational journal of human computer studies, ISSN 1071-5819 ; vol 64 no 9 2006
=CAT  \\$a6019$b40$c20060803$lBLL01$h0959
=CAT  \\$aBATCH-CLA$b00$c20120928$lBLL01$h1831
=CAT  \\$aBATCH-CLA$b00$c20120930$lBLL01$h1037
=CAT  \\$aBATCH-UPD$b00$c20121121$lBLL01$h1658
=CAT  \\$aIPL-CLA$c20121231$lBLL01$h1320
=CAT  \\$aIPL-CLA$c20130102$lBLL01$h1747
=CAT  \\$aBATCH-CLA$b00$c20130508$lBLL01$h0722
=CAT  \\$aBATCH-CLA$b00$c20140125$lBLL01$h1304
=CAT  \\$aBATCH-CLA$b00$c20140202$lBLL01$h0138
=CAT  \\$aBATCH-CLA$c20140225$lBLL01$h2327
=CAT  \\$aBLDSS-3PM$b00$c20141222$lBLL01$h1715
=CAT  \\$aBATCH-UPD$b00$c20160524$lBLL01$h1452
=CAT  \\$aBATCH-CLA$b00$c20160525$lBLL01$h0229
=CAT  \\$aBATCH-UPD$b00$c20171121$lBLL01$h1746
=CAT  \\$aIPL-CLA$c20171231$lBLL01$h1656
=CAT  \\$aBATCH-UPD$b00$c20190521$lBLL01$h1438
=CAT  \\$aBATCH-CLA$b00$c20190522$lBLL01$h0219
=CAT  \\$aBATCH-CLA$b00$c20190522$lBLL01$h0240
=CAT  \\$aIPL-CLA$c20190630$lBLL01$h1536
=CAT  \\$aBATCH-UPD$b00$c20211119$lBLL01$h1555
=CAT  \\$aBATCH-CLA$b00$c20211120$lBLL01$h0152
=CAT  \\$aBATCH-CLA$b00$c20211120$lBLL01$h0213
=CAT  \\$aIPL-CLA$c20211231$lBLL01$h1721
=CFI  0\$aCurrent copyright fee: GBP34.30$c5\1$e01-jan-2022$fGBP34.30$g0$hP$5Uk
=CFI  2\$aPrevious copyright fee: GBP32.84$c5\1$e01-jul-2019$fGBP32.84$g0$hP$5Uk
=FFP  \\$aY$bBLDSS-3PM
=FIN  \\$aY$d20060803
=LKR  \\$aANA$b012433476$lBLL01$nInternational journal of human computer studies$r773$y2006$v64$i9$mHuman computer interaction research in the management information systems discipline/
=TCO  \\$aCLA$bCLA$c008
=LAS  \\$aIPL-CLA$b00$c20211231$lBLL01$h1721

