=LDR  02691caa a22006977a 4500
=001  013524000
=003  Uk
=005  20191231194058.0
=008  060803s2006\\\\enk\\\\\\\\\\\100\0\eng\\
=FMT  \\$a  BK
=040  \\$aUk$beng$cUk
=CNF  \\$aJosef Steindl (Conference symposium)$d(2003 Sep :$cVienna)
=245  00$aWork of Josef Steindl.
=260  \\$bBlackwell,$c2006.
=300  \\$a1 v.
=336  \\$atext$2rdacontent
=337  \\$aunmediated$2rdamedia
=338  \\$avolume$2rdacarrier
=591  \\$aSelected papers.
=540  \\$aCurrent Copyright Fee: GBP32.00$c35\0$5Uk
=653  1\$aSteindl
=653  1\$aEconomic research
=710  2\$aÖsterreichisches Institut für Wirtschaftsforschung.
=856  \\$31850-9999$uhttp://onlinelibrary.wiley.com/$xBLDSS
=852  41$aBritish Library$bDSC$j5748.750000
=852  41$aBritish Library$bHMNTS$jELD Digital store
=945  \\$aMetroeconomica, ISSN 0026-1386 ; vol 57 no 3 2006
=CAT  \\$a6019$b40$c20060803$lBLL01$h1024
=CAT  \\$a8964$b40$c20080218$lBLL01$h1639
=CAT  \\$aBATCH-CLA$b00$c20120928$lBLL01$h1838
=CAT  \\$aBATCH-CLA$b00$c20120930$lBLL01$h1048
=CAT  \\$aBATCH-CLA$b00$c20130508$lBLL01$h0736
=CAT  \\$aBATCH-CLA$b00$c20130718$lBLL01$h0045
=CAT  \\$aBATCH-CLA$b00$c20140125$lBLL01$h1311
=CAT  \\$aBATCH-CLA$b00$c20140202$lBLL01$h0138
=CAT  \\$aBATCH-CLA$c20140225$lBLL01$h2327
=CAT  \\$aBATCH-UPD$b00$c20141012$lBLL01$h0745
=CAT  \\$aBATCH-CLA$b00$c20141013$lBLL01$h0039
=CAT  \\$aBLDSS-3PM$b00$c20141214$lBLL01$h1523
=CAT  \\$aBATCH-UPD$b00$c20150215$lBLL01$h1627
=CAT  \\$aIPL-CLA$c20150228$lBLL01$h2050
=CAT  \\$aBATCH-UPD$b00$c20160615$lBLL01$h0459
=CAT  \\$aBATCH-CLA$b00$c20160616$lBLL01$h0139
=CAT  \\$aW1703-0316$c20170306$lBLL01$h1825
=CAT  \\$aW1703-0316$c20170307$lBLL01$h1648
=CAT  \\$aIPL-CLA$c20170307$lBLL01$h1824
=CAT  \\$aBATCH-UPD$b00$c20180219$lBLL01$h1749
=CAT  \\$aBATCH-UPD$b00$c20181121$lBLL01$h1622
=CAT  \\$aBATCH-CLA$b00$c20181122$lBLL01$h0138
=CAT  \\$aBATCH-CLA$b00$c20181122$lBLL01$h0148
=CAT  \\$aIPL-CLA$c20181231$lBLL01$h1544
=CAT  \\$aBATCH-CLA$b00$c20191128$lBLL01$h0119
=CAT  \\$aIPL-CLA$c20191231$lBLL01$h1940
=CFI  0\$aCurrent Copyright Fee: GBP32.00$c35\0$e01-jan-2020$fGBP32.00$g0$hP$5Uk
=CFI  2\$aPrevious copyright fee: GBP28.00$c35\0$e01-jan-2019$fGBP28.00$g0$hP$5Uk
=FFP  \\$aY$bBLDSS-3PM
=FIN  \\$aY$d20060803
=LKR  \\$aANA$b012434400$lBLL01$nMETROECONOMICA.$r773$y2006$v57$i3$mWork of Josef Steindl.
=TCO  \\$aCLA$bCLA$c008
=UNO  \\$aY
=LAS  \\$aIPL-CLA$b00$c20191231$lBLL01$h1940

