=LDR  02723caa a22006977a 4500
=001  013576546
=003  Uk
=005  20230427010850.0
=008  061016s2006\\\\enk\\\\\\\\\\\100\0\eng\\
=FMT  \\$a  BK
=040  \\$aUk$beng$cUk
=CNF  \\$aAustrian National Bank (Panel meeting :$d2006 Apr :$cVienna, Austria)
=245  00$aAustrian National Bank panel meeting.
=260  \\$aOxford :$bBlackwell,$c2006.
=300  \\$ap 597-739 ;$c25 cm.
=336  \\$atext$2rdacontent
=337  \\$aunmediated$2rdamedia
=338  \\$avolume$2rdacarrier
=591  \\$aSelected papers.
=540  \\$aCurrent Copyright Fee: GBP32.00$c29\0$5Uk
=653  1\$aBank
=653  1\$aEconomic policy
=710  2\$aOesterreichische Nationalbank.
=856  \\$31850-9999$uhttp://onlinelibrary.wiley.com/$xBLDSS
=852  41$aBritish Library$bHMNTS$jELD Digital store
=852  41$aBritish Library$bDSC$j3654.091300
=945  \\$aEconomic policy, ISSN 0266-4658 ; no 48 2006
=CAT  \\$a8962$b40$c20061016$lBLL01$h1123
=CAT  \\$aBATCH-UPD$b00$c20160525$lBLL01$h0012
=CAT  \\$aBATCH-CLA$b00$c20160526$lBLL01$h0134
=CAT  \\$aBATCH-UPD$b00$c20161122$lBLL01$h1521
=CAT  \\$aIPL-CLA$c20161230$lBLL01$h2204
=CAT  \\$aBATCH-UPD$b00$c20171121$lBLL01$h1704
=CAT  \\$aIPL-CLA$c20171231$lBLL01$h1659
=CAT  \\$aBATCH-UPD$b00$c20181217$lBLL01$h1652
=CAT  \\$aBATCH-CLA$b00$c20181218$lBLL01$h0114
=CAT  \\$aBATCH-CLA$b00$c20181218$lBLL01$h0139
=CAT  \\$aIPL-CLA$c20181231$lBLL01$h1544
=CAT  \\$aBATCH-CLA$b00$c20191207$lBLL01$h0108
=CAT  \\$aIPL-CLA$c20191231$lBLL01$h1942
=CAT  \\$aBATCH-UPD$b00$c20220308$lBLL01$h1734
=CAT  \\$aBATCH-CLA$b00$c20220309$lBLL01$h0136
=CAT  \\$aBATCH-CLA$b00$c20220309$lBLL01$h0145
=CAT  \\$aIPL-CLA$c20220331$lBLL01$h2240
=CAT  \\$aBATCH-CLA$b00$c20230315$lBLL01$h0142
=CAT  \\$aBATCH-CLA$b00$c20230323$lBLL01$h0112
=CAT  \\$aBATCH-CLA$b00$c20230324$lBLL01$h0109
=CAT  \\$aBATCH-CLA$b00$c20230324$lBLL01$h0116
=CAT  \\$aIPL-CLA$c20230331$lBLL01$h1648
=CAT  \\$aS2304-0519$c20230412$lBLL01$h1139
=CAT  \\$aBATCH-CLA$b00$c20230413$lBLL01$h0108
=CAT  \\$aBATCH-SUPP$c20230426$lBLL01$h1109
=CAT  \\$aBATCH-CLA$b00$c20230427$lBLL01$h0108
=CFI  0\$aCurrent Copyright Fee: GBP32.00$c29\0$e01-apr-2023$fGBP32.00$g0$hP$5Uk
=FFP  \\$aY$bBLDSS-3PM
=FIN  \\$aY$d20061016
=LKR  \\$aANA$b012432755$lBLL01$nECONOMIC POLICY.$r773$y2006$v21$i48$mAustrian National Bank panel meeting.
=TCO  \\$aCLA$bCLA$c008
=UNO  \\$aY
=ACF  \\$aPrevious copyright fee: GBP24.00$c29\0$e01-jan-2016$fGBP24.00$g0$hP$5Uk
=LAS  \\$aBATCH-CLA$b00$c20230427$lBLL01$h0108

