=LDR  02556caa a22006377a 4500
=001  013591248
=003  Uk
=005  20061101121424.0
=008  061101s2006\\\\enk\\\\\\\\\\\100\0\eng\\
=FMT  \\$a  BK
=040  \\$aUk$beng$cUk
=CNF  \\$aAnnual meeting of the American Educational Research Association.$n(87th :$d2006 Apr :$cSan Francisco, CA)
=245  00$a87th annual meeting of the American Educational Research Association.
=260  \\$bEmerald,$c2006.
=300  \\$ap. 536-539.
=336  \\$atext$2rdacontent
=337  \\$aunmediated$2rdamedia
=338  \\$avolume$2rdacarrier
=591  \\$aReport.
=540  \\$aCurrent copyright fee: GBP30.00$c25\0$5Uk
=653  1\$aAERA
=653  1\$aEducational Research
=710  2\$aAmerican Educational Research Association.
=856  \\$31850-9999$uhttp://www.emeraldinsight.com/$xBLDSS
=852  41$aBritish Library$bHMNTS$jELD Digital store
=852  41$aBritish Library$bDSC$j4973.153000
=945  \\$aJournal of educational administration, ISSN 0957-8234 ; vol 44 no 6 2006
=CAT  \\$a6019$b40$c20061101$lBLL01$h1214
=CAT  \\$aBATCH-CLA$b00$c20120928$lBLL01$h1834
=CAT  \\$aBATCH-CLA$b00$c20120930$lBLL01$h1041
=CAT  \\$aWR13.050$c20130324$lBLL01$h1445
=CAT  \\$aBATCH-CLA$b00$c20130508$lBLL01$h0727
=CAT  \\$aBATCH-CLA$b00$c20130602$lBLL01$h0146
=CAT  \\$aBATCH-UPD$b00$c20130904$lBLL01$h1926
=CAT  \\$aBATCH-CLA$b00$c20130905$lBLL01$h0035
=CAT  \\$aIPL-CLA$c20130930$lBLL01$h1748
=CAT  \\$aBATCH-CLA$b00$c20140125$lBLL01$h1307
=CAT  \\$aBATCH-CLA$b00$c20140202$lBLL01$h0036
=CAT  \\$aBATCH-CLA$b00$c20140202$lBLL01$h0138
=CAT  \\$aBATCH-CLA$c20140225$lBLL01$h2328
=CAT  \\$aBATCH-CLA$b00$c20140409$lBLL01$h0131
=CAT  \\$aBLDSS-3PM$b00$c20141121$lBLL01$h1852
=CAT  \\$aBATCH-CLA$b00$c20141122$lBLL01$h0041
=CAT  \\$aBATCH-UPD$b00$c20151109$lBLL01$h1747
=CAT  \\$aIPL-CLA$c20151109$lBLL01$h1813
=CAT  \\$aBATCH-CLA$b00$c20151110$lBLL01$h0128
=CAT  \\$aBATCH-UPD$b00$c20160615$lBLL01$h1738
=CAT  \\$aBATCH-CLA$b00$c20160616$lBLL01$h0139
=CFI  0\$aCurrent copyright fee: GBP30.00$c25\0$e09-nov-2015$fGBP30.00$g0$hP$5Uk
=FFP  \\$aY$bBLDSS-3PM
=FIN  \\$aY$d20061101
=LKR  \\$aANA$b012433812$lBLL01$nJournal of educational administration$r773$y2006$v44$i6$m87th annual meeting of the American Educational Research Association.
=TCO  \\$aAUS$bCAL$c008
=TCO  \\$aCLA$bCLA$c008
=UNO  \\$aY
=LAS  \\$aBATCH-CLA$b00$c20160616$lBLL01$h0139

