=LDR  02768caa a22006977a 4500
=001  013592641
=003  Uk
=005  20211231172135.0
=008  061103s2006\\\\ne\\\\\\\\\\\\100\0\eng\\
=FMT  \\$a  BK
=040  \\$aUk$beng$cUk
=CNF  \\$aSymposium on large data sets.$d(2003 Nov :$cAmsterdam)
=245  00$aSymposium on large data sets.
=260  \\$bBlackwell Publishing,$c2006.
=300  \\$ap. 413-476.
=336  \\$atext$2rdacontent
=337  \\$aunmediated$2rdamedia
=338  \\$avolume$2rdacarrier
=591  \\$aSelected papers.
=540  \\$aCurrent copyright fee: GBP39.00$c35\0$5Uk
=653  1\$aLarge data sets
=653  1\$aStatistical software
=653  1\$aOperations research
=710  2\$aDutch Society for Statistical and Operations Research.$bStatistical Software section.
=856  \\$31850-9999$uhttp://onlinelibrary.wiley.com/$xBLDSS
=852  41$aBritish Library$bSTI$jELD Digital store
=852  41$aBritish Library$bDSC$j8447.390000
=945  \\$aStatistica Neerlandica, ISSN 0039-0402 ; vol 60 no 4 2006
=CAT  \\$a6019$b40$c20061103$lBLL01$h0852
=CAT  \\$a6019$b40$c20061103$lBLL01$h0900
=CAT  \\$aBATCH-CLA$b00$c20120928$lBLL01$h1834
=CAT  \\$aBATCH-CLA$b00$c20120930$lBLL01$h1042
=CAT  \\$aBATCH-CLA$b00$c20130508$lBLL01$h0728
=CAT  \\$aBATCH-CLA$b00$c20140125$lBLL01$h1308
=CAT  \\$aBATCH-CLA$b00$c20140202$lBLL01$h0138
=CAT  \\$aBATCH-CLA$c20140225$lBLL01$h2328
=CAT  \\$aBLDSS-3PM$b00$c20141214$lBLL01$h1523
=CAT  \\$aBATCH-UPD$b00$c20150215$lBLL01$h1628
=CAT  \\$aIPL-CLA$c20150228$lBLL01$h2051
=CAT  \\$aBATCH-UPD$b00$c20160525$lBLL01$h0738
=CAT  \\$aBATCH-CLA$b00$c20160526$lBLL01$h0135
=CAT  \\$aW1703-0316$c20170306$lBLL01$h1825
=CAT  \\$aW1703-0316$c20170307$lBLL01$h1648
=CAT  \\$aIPL-CLA$c20170307$lBLL01$h1824
=CAT  \\$aBATCH-UPD$b00$c20180219$lBLL01$h1749
=CAT  \\$aBATCH-UPD$b00$c20181121$lBLL01$h1623
=CAT  \\$aBATCH-CLA$b00$c20181122$lBLL01$h0136
=CAT  \\$aBATCH-CLA$b00$c20181122$lBLL01$h0149
=CAT  \\$aIPL-CLA$c20181231$lBLL01$h1544
=CAT  \\$aBATCH-CLA$b00$c20191128$lBLL01$h0119
=CAT  \\$aIPL-CLA$c20191231$lBLL01$h1942
=CAT  \\$aBATCH-CLA$b00$c20211209$lBLL01$h0110
=CAT  \\$aIPL-CLA$c20211231$lBLL01$h1721
=CFI  0\$aCurrent copyright fee: GBP39.00$c35\0$e01-jan-2022$fGBP39.00$g0$hP$5Uk
=CFI  2\$aPrevious Copyright Fee: GBP32.00$c35\0$e01-jan-2020$fGBP32.00$g0$hP$5Uk
=FFP  \\$aY$bBLDSS-3PM
=FIN  \\$aY$d20061103
=LKR  \\$aANA$b012435075$lBLL01$nSTATISTICA NEERLANDICA.$r773$y2006$v60$i4$mSymposium on large data sets.
=TCO  \\$aNLD$bSTICHTING REPRORECHT$c008
=UNO  \\$aY
=LAS  \\$aIPL-CLA$b00$c20211231$lBLL01$h1721

