=LDR  05292 as a2201249 a 4500
=001  009543336
=003  Uk
=005  20160906115951.0
=007  ta
=008  770419c19629999enktr\p\\\\\\\0\\\a0eng\\
=FMT  \\$a  SE
=019  c\$a2117800
=019  x\$a2390470238
=022  0\$a0029-4586$202
=040  \\$aUk$cUk$dUk
=041  0\$aeng$afre
=042  \\$aissnuk
=082  04$a840$222
=210  0\$aNott. Fr. stud.
=222  \0$aNottingham French studies
=245  00$aNottingham French studies.
=260  \\$aCambridge :$bW. Heffer,$c1962-
=260  3\$aEdinburgh :$bEdinburgh University Press
=300  \\$av. ;$c24 cm.
=310  \\$aThree issues yearly,$b2004-
=321  \\$aSemiannual
=336  \\$atext$2rdacontent
=337  \\$aunmediated$2rdamedia
=338  \\$avolume$2rdacarrier
=362  0\$aVol. 1, no. 1 (May 1962)-
=546  \\$aEnglish and French.
=500  \\$aSome issues also have thematic titles.
=550  \\$a"Printed for the University of Nottingham."
=540  \\$aCurrent copyright fee: GBP15.00$c121\0$5Uk
=650  \0$aFrench literature$xHistory and criticism$vPeriodicals.
=700  1\$aWilson, Angus,$d1913-1991,$eformer owner.$5Uk
=710  2\$aUniversity of Nottingham.
=776  0\$tNottingham French studies (Online)$x2047-7236
=856  \\$31850-9999$uhttp://www.euppublishing.com/journals$xBLDSS
=852  41$aBritish Library$bHMNTS$jAc.2673.b/20.$3Vol. 1 (1962)-***Title now taken as electronic copy
=852  41$aBritish Library$bHMNTS$jDigital store
=852  41$aBritish Library$bHMNTS$jWilson 429
=852  41$aBritish Library$bDSC$j6175.650000$3Vol. 1, no. 1 (1962)-v. 53, no. 3 (2014)***UKRR Retained Title
=945  \\$aNOTTINGHAM FRENCH STUDIES
=959  \\$fHeld but not currently received
=963  \\$aVOL. 1, 1962- *A=1$bY$cP735.C.96
=985  \\$aCorrected by MS generated file for WR# 12.018
=985  \\$aRecord merged by DQ team
=985  \\$aCONFERENCE ANALYTIC RECORDS EXIST
=A02  \\$a2117800
=CAT  \\$aCONV$b00$c20040425$lBLL90$h0848
=CAT  \\$aBATCH-CLA$b00$c20111130$lBLL01$h1209
=CAT  \\$aIPL-CLA$c20111230$lBLL01$h1805
=CAT  \\$aBATCH-CLA$b00$c20120229$lBLL01$h1623
=CAT  \\$aIPL-CLA$c20120330$lBLL01$h1405
=CAT  \\$a8323$b40$c20120413$lBLL01$h1018
=CAT  \\$aBATCH-UPD$b40$c20120514$lBLL01$h1837
=CAT  \\$aBATCH-CLA$b00$c20120531$lBLL01$h1713
=CAT  \\$aBATCH-UPD$b00$c20120614$lBLL01$h2127
=CAT  \\$aIPL-CLA$c20120629$lBLL01$h1002
=CAT  \\$aBLSS-CORR$b00$c20120724$lBLL01$h1756
=CAT  \\$aBATCH-CLA$b00$c20120831$lBLL01$h1526
=CAT  \\$a8483$b40$c20120918$lBLL01$h1146
=CAT  \\$aIPL-CLA$c20120930$lBLL01$h2024
=CAT  \\$aBATCH-CLA$b00$c20121104$lBLL01$h1004
=CAT  \\$aWR13.005$c20130323$lBLL01$h1236
=CAT  \\$a11316$b40$c20131028$lBLL01$h0914
=CAT  \\$aBATCH-CLA$b00$c20131129$lBLL01$h1635
=CAT  \\$aIPL-CLA$c20131231$lBLL01$h2017
=CAT  \\$a10997$b40$c20140407$lBLL01$h1202
=CAT  \\$aCDS15-UPD$b40$c20140630$lBLL01$h1053
=CAT  \\$a5552$b40$c20160906$lBLL01$h1159
=CAT  \\$aBLDSS-3PM$b00$c20160915$lBLL01$h1525
=CAT  \\$aBATCH-UPD$b00$c20160915$lBLL01$h1525
=CAT  \\$aBATCH-UPD$b00$c20161122$lBLL01$h1452
=CAT  \\$aIPL-CLA$c20161230$lBLL01$h1907
=CFI  0\$aCurrent copyright fee: GBP15.00$c121\0$e01-jan-2017$fGBP15.00$g0$hP$5Uk
=CFI  2\$aPrevious Copyright Fee: GBP12.30$c121\0$e06-sep-2016$fGBP12.30$g0$hP$5Uk
=FFP  \\$aY$bBLDSS-3PM
=FIN  \\$aY
=LEO  \\$aMP10.0000411865
=LEO  \\$aMP22.0000001547
=LEO  \\$aMP1.0002851255
=SRC  \\$aBLS01$bbibmp1.200404.2.ad
=SRC  \\$aDSS01$bbibmp10.200404.2.aa
=SRC  \\$aISN01$bbibmp22.200404.2.aa
=TCO  \\$aCLA$bCLA$c008
=TOC  \\$aETOC
=UNO  \\$aY
=ACF  \\$aPrevious Copyright Fee: GBP12.00$c0$e01-apr-2012$fGBP12.00$g0$hC$5Uk
=ACF  \\$aPrevious Copyright Fee: GBP12.00$c0$e01-jan-2012$fGBP12.00$g0$hC$5Uk
=ACF  \\$aPrevious Copyright Fee: GBP10.50$c0$e01-oct-2011$fGBP10.50$g0$hC$5Uk
=ACF  \\$aPrevious Copyright Fee: GBP10.50$c0$e01-jul-2011$fGBP10.50$g0$hC$5Uk
=ACF  \\$aPrevious Copyright Fee: GBP10.50$c0$e01-apr-2011$fGBP10.50$g0$hC$5Uk
=ACF  \\$aPrevious Copyright Fee: GBP10.50$c0$e01-jan-2011$fGBP10.50$g0$hC$5Uk
=ACF  \\$aPrevious Copyright Fee: GBP9.00$c0$e01-oct-2010$fGBP9.00$g0$hC$5Uk
=ACF  \\$aPrevious Copyright Fee: GBP9.00$c0$e01-jul-2010$fGBP9.00$g0$hC$5Uk
=ACF  \\$aPrevious Copyright Fee: GBP9.00$c0$e01-apr-2010$fGBP9.00$g0$hC$5Uk
=ACF  \\$aPrevious Copyright Fee: GBP9.00$c0$e01-Jan-2010$fGBP9.00$g0$hC$5Uk
=ACF  \\$aPrevious Copyright Fee: GBP6.00$c0$e01-oct-2009$fGBP6.00$g0$hC$5Uk
=ACF  \\$aPrevious copyright fee: GBP5.00$c0$e01-jan-2003$fGBP5.00$g0$hC$5Uk
=ACF  \\$aCurrent copyright fee: GBP4.98$c0$e01-jul-2001$fGBP4.98$g0$hC$5Uk
=ACF  \\$aCurrent copyright fee: GBP2.50$c0$e01-jul-1998$fGBP2.50$g0$hC$5Uk
=ACF  \\$aPrevious Copyright Fee: GBP12.00$c0$e01-jul-2012$fGBP12.00$g0$hC$5Uk
=ACF  \\$aPrevious Copyright Fee: GBP12.30$c0$e01-jan-2014$fGBP12.30$g0$hC$5Uk
=ACF  \\$aPrevious Copyright Fee: GBP12.00$c0$e01-oct-2012$fGBP12.00$g0$hC$5Uk
=LAS  \\$aIPL-CLA$b00$c20161230$lBLL01$h1907

