=LDR  02434caa a22006137i 4500
=001  016525008
=003  Uk
=005  20191231203618.0
=007  cr\|||||||||||
=008  131022s2013\\\\xxu\\\\\o\\\\|1|0\0|eng\\
=FMT  \\$a  BK
=040  \\$aUk$beng$cUk$erda
=CNF  \\$aEssential oils (International symposium)$n(43rd :$d2012 Sep :$cLisbon)
=245  04$aThe 43rd international symposium on essential oils :$b(ISEO2012).
=264  \1$aHoboken, NJ :$bWiley,$c2013.
=300  \\$a1 online resource (pages 353-401)
=336  \\$atext$2rdacontent
=337  \\$acomputer$2rdamedia
=338  \\$aonline resource$2rdacarrier
=591  \\$aSelected papers.
=595  \\$aESTAR title.
=540  \\$aCurrent Copyright Fee: GBP39.00$c35\0$5Uk
=653  1\$aEssential oils
=653  1\$aISEO
=773  0\$tFlavour and fragrance journal$gv. 28, issue 6 (November 2013)
=856  \\$31850-9999$uhttp://onlinelibrary.wiley.com/$xBLDSS
=852  41$aBritish Library$bSTI$jELD Digital store
=852  41$aBritish Library$bDSC$j3950.047000
=945  \\$aFlavour and fragrance journal ; vol 28 iss 6 2013
=CAT  \\$a6162$b40$c20131022$lBLL01$h1400
=CAT  \\$aBATCH-CLA$b00$c20131023$lBLL01$h0038
=CAT  \\$aBATCH-CLA$b00$c20131023$lBLL01$h0039
=CAT  \\$aBATCH-CLA$b00$c20140125$lBLL01$h1316
=CAT  \\$aBATCH-CLA$c20140225$lBLL01$h2342
=CAT  \\$aBLDSS-3PM$b00$c20141214$lBLL01$h1527
=CAT  \\$aBATCH-UPD$b00$c20150215$lBLL01$h1707
=CAT  \\$aIPL-CLA$c20150228$lBLL01$h2058
=CAT  \\$aBATCH-UPD$b00$c20160518$lBLL01$h1944
=CAT  \\$aBATCH-CLA$b00$c20160519$lBLL01$h0110
=CAT  \\$aBATCH-UPD$b00$c20180219$lBLL01$h1756
=CAT  \\$aBATCH-UPD$b00$c20181121$lBLL01$h1626
=CAT  \\$aBATCH-CLA$b00$c20181122$lBLL01$h0129
=CAT  \\$aBATCH-CLA$b00$c20181122$lBLL01$h0150
=CAT  \\$aIPL-CLA$c20181231$lBLL01$h1553
=CAT  \\$aBATCH-CLA$b00$c20191128$lBLL01$h0122
=CAT  \\$aIPL-CLA$c20191231$lBLL01$h2036
=CFI  0\$aCurrent Copyright Fee: GBP39.00$c35\0$e01-jan-2020$fGBP39.00$g0$hP$5Uk
=CFI  2\$aPrevious copyright fee: GBP28.00$c35\0$e01-jan-2019$fGBP28.00$g0$hP$5Uk
=FFP  \\$aY$bBLDSS-3PM
=FIN  \\$aY$d20131022
=LKR  \\$aANA$b013344366$lBLL01$nFlavour and fragrance journal$mThe 43rd international symposium on essential oils$r773$y2013$v28$i6
=TCO  \\$aCLA$bCLA$c008
=UNO  \\$aY
=LAS  \\$aIPL-CLA$b00$c20191231$lBLL01$h2036

