=LDR  03008caa a22007217i 4500
=001  016653999
=003  Uk
=005  20221231232727.0
=008  140318s2014\\\\xxu\\\\\\\\\\\100\0\eng\\
=FMT  \\$a  BK
=040  \\$aUk$beng$cUk$erda
=CNF  \\$aRochester mineralogical symposium$n(39th :$d2012 Apr :$cRochester, NY)
=245  00$a39th Rochester mineralogical symposium :$bcontributed papers in specimen mineralogy: part 4.
=264  \1$aPhiladelphia, PA :$bTaylor & Francis Group, LLC,$c[2014]
=300  \\$aPages 179-182
=336  \\$atext$2rdacontent
=337  \\$aunmediated$2rdamedia
=338  \\$avolume$2rdacarrier
=591  \\$aAbstracts.
=540  \\$aCurrent copyright fee: GBP43.00$c2\0$5Uk
=653  1\$aMineralogy
=653  1\$aSpecimen mineralogy
=653  1\$aRMS
=773  0\$tRocks and minerals$gv. 89, issue 2 (Mar./Apr. 2014)
=856  \\$31850-9999$uhttp://www.tandfonline.com/$xBLDSS
=852  41$aBritish Library$bDSC$j8002.500000
=852  41$aBritish Library$bHMNTS$jELD Digital store
=945  \\$aRocks and minerals, ISSN 0035-7529 ; vol 89 issue 2 2014
=CAT  \\$a10997$b40$c20140318$lBLL01$h1217
=CAT  \\$aIPL-CLA$c20151231$lBLL01$h1935
=CAT  \\$aBATCH-CLA$b00$c20160305$lBLL01$h0121
=CAT  \\$aIPL-CLA$c20160331$lBLL01$h1815
=CAT  \\$aBATCH-UPD$b00$c20160702$lBLL01$h1445
=CAT  \\$aBATCH-CLA$b00$c20160703$lBLL01$h0114
=CAT  \\$aBATCH-UPD$b00$c20161122$lBLL01$h1506
=CAT  \\$aIPL-CLA$c20161231$lBLL01$h0016
=CAT  \\$aBATCH-UPD$b00$c20171121$lBLL01$h1656
=CAT  \\$aIPL-CLA$c20171231$lBLL01$h1823
=CAT  \\$aBATCH-UPD$b00$c20181217$lBLL01$h1645
=CAT  \\$aBATCH-CLA$b00$c20181218$lBLL01$h0118
=CAT  \\$aBATCH-CLA$b00$c20181218$lBLL01$h0139
=CAT  \\$aIPL-CLA$c20181231$lBLL01$h1553
=CAT  \\$aBATCH-UPD$b00$c20191122$lBLL01$h1907
=CAT  \\$aBATCH-CLA$b00$c20191123$lBLL01$h0118
=CAT  \\$aBATCH-CLA$b00$c20191123$lBLL01$h0130
=CAT  \\$aIPL-CLA$c20191231$lBLL01$h2037
=CAT  \\$aBATCH-UPD$b00$c20201118$lBLL01$h1342
=CAT  \\$aBATCH-CLA$b00$c20201119$lBLL01$h0123
=CAT  \\$aBATCH-CLA$b00$c20201119$lBLL01$h0143
=CAT  \\$aIPL-CLA$c20201231$lBLL01$h2340
=CAT  \\$aBATCH-UPD$b00$c20221121$lBLL01$h1341
=CAT  \\$aBATCH-CLA$b00$c20221122$lBLL01$h0153
=CAT  \\$aBATCH-CLA$b00$c20221122$lBLL01$h0244
=CAT  \\$aIPL-CLA$c20221231$lBLL01$h2327
=CFI  0\$aCurrent copyright fee: GBP43.00$c2\0$e01-jan-2023$fGBP43.00$g0$hP$5Uk
=CFI  2\$aPrevious copyright fee: GBP41.00$c2\0$e01-jan-2021$fGBP41.00$g0$hP$5Uk
=FFP  \\$aY$bBLDSS-3PM
=FIN  \\$aY$d20140318
=LKR  \\$aANA$b016006636$lBLL01$nRocks and minerals$m39th Rochester mineralogical symposium$r773$y2014$v89$i2
=TCO  \\$aTRS$bCCC$c008
=ACF  \\$aPrevious copyright fee: GBP28.00$c2\0$e01-jan-2014$fGBP28.00$g0$hP$5Uk
=ACF  \\$aPrevious copyright fee: GBP31.00$c2\0$e01-apr-2016$fGBP31.00$g0$hP$5Uk
=LAS  \\$aIPL-CLA$b00$c20221231$lBLL01$h2327

