=LDR  02252 aa a22005657i 4500
=001  016681404
=003  Uk
=005  20140407120303.0
=008  140407s2014\\\\enk\\\\\\\\\\\110\0\eng\\
=FMT  \\$a  BK
=040  \\$aUk$beng$cUk$erda
=CNF  \\$aWriting, reading, grieving, essays in memory of Suzanne Dow (Conference)$d(2012 Sep :$cNottingham)
=245  00$aWriting, reading, grieving :$bessays in memory of Suzanne Dow /$cedited by Ruth Cruickshank and Adam Watt.
=264  \1$aEdunburgh :$bEdinburgh University Press Ltd,$c[2014]
=300  \\$a1 volume
=336  \\$atext$2rdacontent
=337  \\$aunmediated$2rdamedia
=338  \\$avolume$2rdacarrier
=591  \\$aPapers.
=540  \\$aCurrent copyright fee: GBP15.00$c121\0$5Uk
=653  1\$aDow
=653  1\$aWriting
=653  1\$aReading
=653  2\$aGrieving
=700  1\$aDow, Suzanne,$eHonoree.
=700  1\$aCruickshank, Ruth,$d1967-$eeditor of compilation.
=700  1\$aWatt, Adam,$eeditor of compilation.
=773  0\$tNottingham French studies$gv. 53, no. 1 (Spring 2014)
=856  \\$31850-9999$uhttp://www.euppublishing.com/journals$xBLDSS
=852  41$aBritish Library$bHMNTS$jAc.2673.b/20.
=852  41$aBritish Library$bHMNTS$jDigital store
=852  41$aBritish Library$bHMNTS$jWilson 429
=852  41$aBritish Library$bDSC$j6175.650000
=945  \\$aNottingham French studies, ISSN 0029-4586 ; vol 53 no 1 2014
=CAT  \\$a10997$b40$c20140407$lBLL01$h1202
=CAT  \\$a10997$b40$c20140407$lBLL01$h1203
=CAT  \\$aBATCH-CLA$b00$c20140408$lBLL01$h0035
=CAT  \\$aBATCH-CLA$b00$c20160907$lBLL01$h0202
=CAT  \\$aBLDSS-3PM$b00$c20160915$lBLL01$h1525
=CAT  \\$aBATCH-UPD$b00$c20160915$lBLL01$h1525
=CAT  \\$aBATCH-UPD$b00$c20161122$lBLL01$h1453
=CAT  \\$aIPL-CLA$c20161231$lBLL01$h0017
=CFI  0\$aCurrent copyright fee: GBP15.00$c121\0$e01-jan-2017$fGBP15.00$g0$hP$5Uk
=CFI  2\$aPrevious Copyright Fee: GBP12.30$c121\0$e06-sep-2016$fGBP12.30$g0$hP$5Uk
=FFP  \\$aY$bBLDSS-3PM
=FIN  \\$aY$d20140407
=LKR  \\$aANA$b009543336$lBLL01$nNottingham French studies$mWriting, reading, grieving$r773$y2014$v53$i1
=TCO  \\$aCLA$bCLA$c008
=UNO  \\$aY
=LAS  \\$aIPL-CLA$b00$c20161231$lBLL01$h0017

