=LDR  02506caa a22005777i 4500
=001  016804554
=003  Uk
=005  20211231173434.0
=008  140731s2008\\\\ne\\\\\\\\\\\\100\0\eng\\
=FMT  \\$a  BK
=040  \\$aUk$beng$cUk$erda
=CNF  \\$aBiohydrogen production technology (International workshop)$d(2008 Feb :$cKharagpur, India)
=245  00$aInternational workshop on biohydrogen production technology (IWBT 2008), 7-9 February 2008, IIT Kharapgur.
=264  \1$aAmsterdam :$bElsevier,$c[2008]
=300  \\$aPages 2627-2628
=336  \\$atext$2rdacontent
=337  \\$aunmediated$2rdamedia
=338  \\$avolume$2rdacarrier
=591  \\$aReport.
=540  \\$aCurrent copyright fee: GBP34.30$c5\1$5Uk
=653  1\$aBiohydrogen production technology
=653  1\$aProduction technology
=653  1\$aIWBT
=773  0\$tInternational journal of hydrogen energy$gv. 33, issue 10 (May 2008)
=856  \\$31850-9999$uhttp://www.elsevier.com/journals$xBLDSS
=852  41$aBritish Library$bHMNTS$jELD Digital store
=852  41$aBritish Library$bDSC$j4542.290000
=945  \\$aInternational journal of hydrogen energy, ISSN 0360-3199 ; vol 33 issue 10 2008
=CAT  \\$a10997$b40$c20140731$lBLL01$h1446
=CAT  \\$aBATCH-CLA$b00$c20140801$lBLL01$h0038
=CAT  \\$aBATCH-CLA$b00$c20140801$lBLL01$h0039
=CAT  \\$aBLDSS-3PM$b00$c20141222$lBLL01$h1721
=CAT  \\$aBATCH-UPD$b00$c20160518$lBLL01$h1522
=CAT  \\$aBATCH-CLA$b00$c20160519$lBLL01$h0110
=CAT  \\$aBATCH-UPD$b00$c20171121$lBLL01$h1755
=CAT  \\$aIPL-CLA$c20171231$lBLL01$h1825
=CAT  \\$aBATCH-UPD$b00$c20190521$lBLL01$h1446
=CAT  \\$aBATCH-CLA$b00$c20190522$lBLL01$h0219
=CAT  \\$aBATCH-CLA$b00$c20190522$lBLL01$h0242
=CAT  \\$aIPL-CLA$c20190630$lBLL01$h1548
=CAT  \\$aBATCH-UPD$b00$c20211119$lBLL01$h1602
=CAT  \\$aBATCH-CLA$b00$c20211120$lBLL01$h0152
=CAT  \\$aBATCH-CLA$b00$c20211120$lBLL01$h0216
=CAT  \\$aIPL-CLA$c20211231$lBLL01$h1734
=CFI  0\$aCurrent copyright fee: GBP34.30$c5\1$e01-jan-2022$fGBP34.30$g0$hP$5Uk
=CFI  2\$aPrevious copyright fee: GBP32.84$c5\1$e01-jul-2019$fGBP32.84$g0$hP$5Uk
=FFP  \\$aY$bBLDSS-3PM
=FIN  \\$aY$d20140731
=LKR  \\$aANA$b012433477$lBLL01$nInternational journal of hydrogen energy$mInternational workshop on biohydrogen production technology (IWBT 2008), 7-9 February 2008, IIT Kharapgur$r773$y2008$v33$i10
=TCO  \\$aCLA$bCLA$c008
=LAS  \\$aIPL-CLA$b00$c20211231$lBLL01$h1734

