=LDR  03479caa a22007697i 4500
=001  016941874
=003  Uk
=005  20230930114954.0
=008  141112s2007\\\\enk\\\\\\\\\\\100\0\eng\\
=FMT  \\$a  BK
=040  \\$aUk$beng$cUk$erda
=CNF  \\$aInternational Society of Psychosomatic Obstetrics and Gynecology (International congress)$n(15th :$d2007 May :$cKyoto, Japan)
=245  00$aAbstracts of XV international congress of ISPOG, Kyoto, Japan, May 13-16, 2007.
=264  \1$aLondon :$bInforma Healthcare,$c2007.
=300  \\$aPages 1-112
=336  \\$atext$2rdacontent
=337  \\$aunmediated$2rdamedia
=338  \\$avolume$2rdacarrier
=591  \\$aAbstracts and programme.
=540  \\$aCurrent copyright fee: GBP46.00$c2\0$5Uk
=653  1\$aISPOG
=653  1\$aPsychosomatic obstetrics
=653  1\$aObstetrics
=653  1\$aGynecology
=710  2\$aInternational Society of Psychosomatic Obstetrics and Gynecology.
=773  0\$tJournal of psychosomatic obstetrics & gynaecology$gv. 28, issue suppl 1 (December 2007)
=856  \\$31850-9999$uhttp://informahealthcare.com/$xBLDSS
=852  41$aBritish Library$bSTI$jELD Digital store
=852  41$aBritish Library$bDSC$j5043.479000
=945  \\$aJournal of psychosomatic obstetrics and gynecology, ISSN 0167-482X ; vol 28 suppl 1 2007
=CAT  \\$a10934$b40$c20141112$lBLL01$h0931
=CAT  \\$aBATCH-CLA$b00$c20150224$lBLL01$h0043
=CAT  \\$aIPL-CLA$c20150331$lBLL01$h1730
=CAT  \\$aBATCH-UPD$b00$c20151119$lBLL01$h1600
=CAT  \\$aIPL-CLA$c20151231$lBLL01$h1936
=CAT  \\$aBATCH-UPD$b00$c20160524$lBLL01$h2149
=CAT  \\$aBATCH-UPD$b00$c20160524$lBLL01$h2158
=CAT  \\$aBATCH-UPD$b00$c20161122$lBLL01$h1538
=CAT  \\$aIPL-CLA$c20161231$lBLL01$h0020
=CAT  \\$aBATCH-UPD$b00$c20171121$lBLL01$h1718
=CAT  \\$aIPL-CLA$c20171231$lBLL01$h1827
=CAT  \\$aBATCH-UPD$b00$c20181217$lBLL01$h1706
=CAT  \\$aBATCH-CLA$b00$c20181218$lBLL01$h0120
=CAT  \\$aBATCH-CLA$b00$c20181218$lBLL01$h0139
=CAT  \\$aIPL-CLA$c20181231$lBLL01$h1554
=CAT  \\$aBATCH-UPD$b00$c20210126$lBLL01$h1323
=CAT  \\$aIPL-CLA$c20210126$lBLL01$h1458
=CAT  \\$aBATCH-CLA$b00$c20210127$lBLL01$h0151
=CAT  \\$aBATCH-UPD$b00$c20221121$lBLL01$h1424
=CAT  \\$aBATCH-CLA$b00$c20221122$lBLL01$h0158
=CAT  \\$aBATCH-CLA$b00$c20221122$lBLL01$h0244
=CAT  \\$aIPL-CLA$c20221231$lBLL01$h2331
=CAT  \\$aR2308-1440$c20230824$lBLL01$h0930
=CAT  \\$aBATCH-CLA$b00$c20230825$lBLL01$h0111
=CAT  \\$aBATCH-CLA$b00$c20230825$lBLL01$h0117
=CAT  \\$aIPL-CLA$c20230930$lBLL01$h1149
=CFI  0\$aCurrent copyright fee: GBP46.00$c2\0$e01-oct-2023$fGBP46.00$g0$hP$5Uk
=CFI  2\$aPrevious copyright fee: GBP46.00$c45\0$e01-jan-2023$fGBP46.00$g0$hP$5Uk
=FFP  \\$aY$bBLDSS-3PM
=FIN  \\$aY$d20141112
=LKR  \\$aANA$b013360947$lBLL01$nJournal of psychosomatic obstetrics & gynaecology$mAbstracts of XV international congress of ISPOG, Kyoto, Japan, May 13-16, 200$r773$y2007$v28$i1$ps
=TCO  \\$aCLA$bCLA$c008
=ACF  \\$aPrevious copyright fee: GBP29.00$c45\0$e10-nov-2009$fGBP29.00$g0$hP$5Uk
=ACF  \\$aPrevious copyright fee: GBP33.00$c45\0$e01-apr-2015$fGBP33.00$g0$hP$5Uk
=ACF  \\$aPrevious copyright fee: GBP34.00$c45\0$e01-jan-2016$fGBP34.00$g0$hP$5Uk
=ACF  \\$aPrevious copyright fee: GBP38.00$c45\0$e01-jan-2018$fGBP38.00$g0$hP$5Uk
=LAS  \\$aIPL-CLA$b00$c20230930$lBLL01$h1149

