=LDR  02376caa a22006017i 4500
=001  016963584
=003  Uk
=005  20191231204013.0
=006  m\\\\||\\d\|\\\\\\
=007  cr\|||||||||||
=008  140513s2014\\\\xxu\\\\\o\\\\|1|0\0|eng\\
=FMT  \\$a  BK
=040  \\$aUk$beng$cUk$erda
=CNF  \\$aInternational Association of Packaging Research Institutes (Symposium)$n(26th :$d2013 Jun :$cEspoo, Finland)
=245  00$aIAPRI Symposium 2013.
=264  \1$aNew York :$bJohn Wiley,$c2014.
=300  \\$a1 online resource (pages 921-961)
=336  \\$atext$2rdacontent
=337  \\$acomputer$2rdamedia
=338  \\$aonline resource$2rdacarrier
=591  \\$aSelected papers.
=595  \\$aESTAR title.
=540  \\$aCurrent Copyright Fee: GBP39.00$c35\0$5Uk
=653  1\$aPackaging
=653  1\$aIAPRI
=710  2\$aInternational Association of Packaging Research Institutes.
=773  0\$tPackaging technology and science$gv. 27, issue 12 (December 2014)
=856  \\$31850-9999$uhttp://onlinelibrary.wiley.com/$xBLDSS
=852  41$aBritish Library$bDSC$j6333.018500
=852  41$aBritish Library$bSTI$jELD Digital store
=945  \\$aPackaging Technology and Science, ISSN 0894-3214 ; vol 27 iss 12 2014
=CAT  \\$a6162$b40$c20141202$lBLL01$h1342
=CAT  \\$aBATCH-CLA$b00$c20141215$lBLL01$h0111
=CAT  \\$aBLDSS-3PM$b00$c20150215$lBLL01$h1114
=CAT  \\$aBATCH-UPD$b00$c20150215$lBLL01$h1708
=CAT  \\$aIPL-CLA$c20150228$lBLL01$h2059
=CAT  \\$aBATCH-CLA$b00$c20150919$lBLL01$h0136
=CAT  \\$aBATCH-UPD$b00$c20160609$lBLL01$h1146
=CAT  \\$aBATCH-UPD$b00$c20180219$lBLL01$h1757
=CAT  \\$aBATCH-UPD$b00$c20181121$lBLL01$h1627
=CAT  \\$aBATCH-CLA$b00$c20181122$lBLL01$h0126
=CAT  \\$aBATCH-CLA$b00$c20181122$lBLL01$h0150
=CAT  \\$aIPL-CLA$c20181231$lBLL01$h1554
=CAT  \\$aBATCH-CLA$b00$c20191128$lBLL01$h0122
=CAT  \\$aIPL-CLA$c20191231$lBLL01$h2040
=CFI  0\$aCurrent Copyright Fee: GBP39.00$c35\0$e01-jan-2020$fGBP39.00$g0$hP$5Uk
=CFI  2\$aPrevious copyright fee: GBP28.00$c35\0$e01-jan-2019$fGBP28.00$g0$hP$5Uk
=FFP  \\$aY$bBLDSS-3PM
=FIN  \\$aY$d20141202
=LKR  \\$aANA$b013344190$lBLL01$nPackaging technology and science$mIAPRI Symposium 2013$r773$y2014$v27$i12
=TCO  \\$aCLA$bCLA$c008
=UNO  \\$aY
=LAS  \\$aIPL-CLA$b00$c20191231$lBLL01$h2040

