=LDR  03207caa a22007457i 4500
=001  016967695
=003  Uk
=005  20230427010826.0
=008  141203s2006\\\\enk\\\\\\\\\\\100\0\eng\\
=FMT  \\$a  BK
=040  \\$aUk$beng$cUk$erda
=CNF  \\$aBalkan Association of Nephrology, Dialysis, Transplantation and Artificial Organs (Congress)$n(7th :$d2005 Sep :$cOhrid, Macedonia)
=245  04$aThe dream is now a reality :$bthe Seventh congress of the Balkan Association of Nephrology, Dialysis, Transplantation and Artificial Organs (BANTAO), Ohrid, Republic of Macedonia, 8-11 September 2005.
=264  \1$aOxford :$bOxford University Press,$c2006.
=300  \\$aPage 2042
=336  \\$atext$2rdacontent
=337  \\$aunmediated$2rdamedia
=338  \\$avolume$2rdacarrier
=591  \\$aReport.
=540  \\$aCurrent Copyright Fee: GBP33.00$c29\0$5Uk
=653  1\$aBANTAO
=653  1\$aNephrology
=653  1\$aDialysis
=653  1\$aTransplantation
=653  1\$aArtificial organs
=710  2\$aBalkan Association of Nephrology, Dialysis, Transplantation and Artificial Organs.
=773  0\$tNephrology dialysis transplantation$gv. 21, issue 7 (July 2006)
=856  \\$31850-9999$uhttp://www.oxfordjournals.org/en/$xBLDSS
=852  41$aBritish Library$bHMNTS$jELD Digital store
=852  41$aBritish Library$bDSC$j6075.685300
=945  \\$aNephrology, dialysis, transplantation, ISSN 0931-0509 ; vol 21 issue 7 2006
=CAT  \\$a10934$b40$c20141203$lBLL01$h1627
=CAT  \\$aBATCH-UPD$b00$c20160524$lBLL01$h2216
=CAT  \\$aBATCH-CLA$b00$c20160525$lBLL01$h0253
=CAT  \\$aBATCH-UPD$b00$c20161122$lBLL01$h1522
=CAT  \\$aIPL-CLA$c20161231$lBLL01$h0021
=CAT  \\$aBATCH-UPD$b00$c20171121$lBLL01$h1705
=CAT  \\$aIPL-CLA$c20171231$lBLL01$h1827
=CAT  \\$aBATCH-UPD$b00$c20181217$lBLL01$h1653
=CAT  \\$aBATCH-CLA$b00$c20181218$lBLL01$h0112
=CAT  \\$aBATCH-CLA$b00$c20181218$lBLL01$h0139
=CAT  \\$aIPL-CLA$c20181231$lBLL01$h1554
=CAT  \\$aBATCH-CLA$b00$c20191207$lBLL01$h0108
=CAT  \\$aIPL-CLA$c20191231$lBLL01$h2040
=CAT  \\$aBATCH-UPD$b00$c20220308$lBLL01$h1736
=CAT  \\$aBATCH-CLA$b00$c20220309$lBLL01$h0136
=CAT  \\$aBATCH-CLA$b00$c20220309$lBLL01$h0145
=CAT  \\$aIPL-CLA$c20220331$lBLL01$h2321
=CAT  \\$aBATCH-CLA$b00$c20230315$lBLL01$h0143
=CAT  \\$aBATCH-CLA$b00$c20230323$lBLL01$h0113
=CAT  \\$aBATCH-CLA$b00$c20230324$lBLL01$h0109
=CAT  \\$aBATCH-CLA$b00$c20230324$lBLL01$h0116
=CAT  \\$aIPL-CLA$c20230331$lBLL01$h1709
=CAT  \\$aS2304-0519$c20230412$lBLL01$h1141
=CAT  \\$aBATCH-CLA$b00$c20230413$lBLL01$h0108
=CAT  \\$aBATCH-SUPP$c20230426$lBLL01$h1111
=CAT  \\$aBATCH-CLA$b00$c20230427$lBLL01$h0108
=CFI  0\$aCurrent Copyright Fee: GBP33.00$c29\0$e01-apr-2023$fGBP33.00$g0$hP$5Uk
=FFP  \\$aY$bBLDSS-3PM
=FIN  \\$aY$d20141203
=LKR  \\$aANA$b012434505$lBLL01$nNephrology dialysis transplantation$mDream is now a reality$r773$y2006$v21$i7
=TCO  \\$aCLA$bCLA$c008
=UNO  \\$aY
=ACF  \\$aPrevious copyright fee: GBP24.00$c29\0$e01-jan-2016$fGBP24.00$g0$hP$5Uk
=LAS  \\$aBATCH-CLA$b00$c20230427$lBLL01$h0108

