=LDR  02426caa a22006137i 4500
=001  017042257
=003  Uk
=005  20231017010630.0
=008  150205s2012\\\\xxu\\\\\\\\\\\100\0\eng\\
=FMT  \\$a  BK
=040  \\$aUk$beng$cUk$erda
=CNF  \\$aNew biology of cilia (Symposium)$d(2011 Oct :$cNew York, NY)
=245  04$aThe new biology of cilia :$breview and annotation of a symposium.
=264  \1$aHoboken, NJ :$bWiley,$c2012.
=300  \\$aPages 426-430
=336  \\$atext$2rdacontent
=337  \\$aunmediated$2rdamedia
=338  \\$avolume$2rdacarrier
=591  \\$aReport.
=540  \\$aCurrent copyright fee: GBP39.00$c35\0$5Uk
=653  1\$aCilia
=653  1\$aBiology
=773  0\$tDevelopmental dynamics$gv. 241, issue 2 (February 2012)
=856  \\$31850-9999$uhttp://onlinelibrary.wiley.com/$xBLDSS
=852  41$aBritish Library$bDSC$j3579.054470
=852  41$aBritish Library$bHMNTS$jELD Digital store
=945  \\$aDevelopmental dynamics ; vol 241 no 2 2012
=CAT  \\$a6162$b40$c20150205$lBLL01$h0821
=CAT  \\$aBATCH-CLA$b00$c20150206$lBLL01$h0035
=CAT  \\$aBATCH-UPD$b00$c20150215$lBLL01$h1708
=CAT  \\$aBATCH-CLA$b00$c20150216$lBLL01$h0047
=CAT  \\$aIPL-CLA$c20150228$lBLL01$h2059
=CAT  \\$aBLDSS-3PM$b00$c20150522$lBLL01$h1544
=CAT  \\$aBATCH-CLA$b00$c20150523$lBLL01$h0055
=CAT  \\$aBATCH-UPD$b00$c20160602$lBLL01$h1810
=CAT  \\$aBATCH-CLA$b00$c20160603$lBLL01$h0114
=CAT  \\$aBATCH-UPD$b00$c20180219$lBLL01$h1757
=CAT  \\$aBATCH-UPD$b00$c20181121$lBLL01$h1627
=CAT  \\$aBATCH-CLA$b00$c20181122$lBLL01$h0130
=CAT  \\$aBATCH-CLA$b00$c20181122$lBLL01$h0150
=CAT  \\$aIPL-CLA$c20181231$lBLL01$h1554
=CAT  \\$aBATCH-CLA$b00$c20191128$lBLL01$h0122
=CAT  \\$aIPL-CLA$c20191231$lBLL01$h2040
=CAT  \\$aBATCH-CLA$b00$c20211209$lBLL01$h0111
=CAT  \\$aIPL-CLA$c20211231$lBLL01$h1734
=CAT  \\$aBATCH-CLA$b00$c20231017$lBLL01$h0106
=CFI  0\$aCurrent copyright fee: GBP39.00$c35\0$e01-jan-2022$fGBP39.00$g0$hP$5Uk
=CFI  1\$aPending Copyright Fee: GBP46.00$c35\0$e01-jan-2024$fGBP46.00$g0$hP$5Uk
=FFP  \\$aY$bBLDSS-3PM
=FIN  \\$aY$d20150205
=LKR  \\$aANA$b013345967$lBLL01$nDevelopmental dynamics$mThe new biology of cilia :review and annotation of a symposium$r773$y2012$v241$i2
=TCO  \\$aTRS$bCCC$c008
=UNO  \\$aY
=LAS  \\$aBATCH-CLA$b00$c20231017$lBLL01$h0106

