=LDR  02625caa a22006497a 4500
=001  013619648
=003  Uk
=005  20211231172145.0
=008  061206s2006\\\\xxu\\\\\\\\\\\100\0\eng\\
=FMT  \\$a  BK
=040  \\$aUk$beng$cUk
=CNF  \\$aCongress of the European Federation of Societies for Microsurgery.$n(8th :$d2006 May :$cCluj, Romania)
=245  04$aThe Eighth congress of the European Federation of Societies for Microsurgery.
=260  \\$bWiley-Liss, Inc.$c2006.
=300  \\$ap. 487-489.
=336  \\$atext$2rdacontent
=337  \\$aunmediated$2rdamedia
=338  \\$avolume$2rdacarrier
=591  \\$aReport.
=540  \\$aCurrent copyright fee: GBP39.00$c35\0$5Uk
=653  1\$aMicrosurgery
=653  1\$aEFSM
=710  2\$aEuropean Federation of Societies for Microsurgery.
=856  \\$31850-9999$uhttp://onlinelibrary.wiley.com/$xBLDSS
=852  41$aBritish Library$bDSC$j5760.770000
=852  41$aBritish Library$bHMNTS$jELD Digital store
=945  \\$aMicrosurgery, ISSN 0738-1085 ; vol 26 no 7 2006
=985  \\$aCorrected by BSS-generated file
=CAT  \\$a6019$b40$c20061206$lBLL01$h0845
=CAT  \\$aBLSS-CORR$b00$c20080705$lBLL01$h2204
=CAT  \\$aBATCH-CLA$b00$c20120928$lBLL01$h1838
=CAT  \\$aBATCH-CLA$b00$c20120930$lBLL01$h1050
=CAT  \\$aBATCH-CLA$b00$c20130508$lBLL01$h0737
=CAT  \\$aBATCH-CLA$b00$c20140125$lBLL01$h1317
=CAT  \\$aBATCH-CLA$c20140225$lBLL01$h2328
=CAT  \\$aBLDSS-3PM$b00$c20141214$lBLL01$h1523
=CAT  \\$aBATCH-UPD$b00$c20150215$lBLL01$h1658
=CAT  \\$aIPL-CLA$c20150228$lBLL01$h2051
=CAT  \\$aBATCH-UPD$b00$c20160517$lBLL01$h1737
=CAT  \\$aBATCH-CLA$b00$c20160518$lBLL01$h0119
=CAT  \\$aBATCH-UPD$b00$c20180219$lBLL01$h1749
=CAT  \\$aBATCH-UPD$b00$c20181121$lBLL01$h1623
=CAT  \\$aBATCH-CLA$b00$c20181122$lBLL01$h0139
=CAT  \\$aBATCH-CLA$b00$c20181122$lBLL01$h0149
=CAT  \\$aIPL-CLA$c20181231$lBLL01$h1545
=CAT  \\$aBATCH-CLA$b00$c20191128$lBLL01$h0120
=CAT  \\$aIPL-CLA$c20191231$lBLL01$h1943
=CAT  \\$aBATCH-CLA$b00$c20211209$lBLL01$h0110
=CAT  \\$aIPL-CLA$c20211231$lBLL01$h1721
=CFI  0\$aCurrent copyright fee: GBP39.00$c35\0$e01-jan-2022$fGBP39.00$g0$hP$5Uk
=CFI  2\$aPrevious Copyright Fee: GBP32.00$c35\0$e01-jan-2020$fGBP32.00$g0$hP$5Uk
=FFP  \\$aY$bBLDSS-3PM
=FIN  \\$aY$d20061206
=LKR  \\$aANA$b013351379$lBLL01$nMicrosurgery$r773$y2006$v26$i7$mThe Eighth congress of the European Federation of Societies for Microsurgery.
=TCO  \\$aTRS$bCCC$c008
=UNO  \\$aY
=LAS  \\$aIPL-CLA$b00$c20211231$lBLL01$h1721

