=LDR  02685caa a22006737a 4500
=001  013626387
=003  Uk
=005  20191231194315.0
=008  061214s2006\\\\xxu\\\\\\\\\\\100\0\eng\\
=FMT  \\$a  BK
=040  \\$aUk$beng$cUk
=CNF  \\$aJapanese Teratology Society (Annual meeting)$n(46th :$d2006 Jun :$cYamagata, Japan)
=245  00$aJapanese Teratology Society :$b46th annual meeting.
=260  \\$bBlackwell,$c2006.
=300  \\$ap. A1-A37.
=336  \\$atext$2rdacontent
=337  \\$aunmediated$2rdamedia
=338  \\$avolume$2rdacarrier
=591  \\$aSelected abstracts.
=540  \\$aCurrent Copyright Fee: GBP32.00$c35\0$5Uk
=653  1\$aTeratology
=653  1\$aJST
=710  2\$aNihon Senten Ijō Gakkai.
=856  \\$31850-9999$uhttp://onlinelibrary.wiley.com/$xBLDSS
=852  41$aBritish Library$bSTI$jELD Digital store
=852  41$aBritish Library$bDSC$j3410.683000
=945  \\$aCongenital anomalies, ISSN 0914-3505 ; vol 46 no 4 2006
=CAT  \\$a6019$b40$c20061214$lBLL01$h1252
=CAT  \\$aBATCH-UPD$b40$c20081104$lBLL01$h0029
=CAT  \\$aBATCH-CLA$b00$c20120928$lBLL01$h1839
=CAT  \\$aBATCH-CLA$b00$c20120930$lBLL01$h1051
=CAT  \\$aBATCH-CLA$b00$c20130508$lBLL01$h0738
=CAT  \\$aBATCH-CLA$b00$c20130718$lBLL01$h0045
=CAT  \\$aBATCH-CLA$b00$c20140125$lBLL01$h1313
=CAT  \\$aBATCH-CLA$b00$c20140205$lBLL01$h0049
=CAT  \\$aBATCH-CLA$c20140225$lBLL01$h2328
=CAT  \\$aBLDSS-3PM$b00$c20141214$lBLL01$h1523
=CAT  \\$aBATCH-UPD$b00$c20150215$lBLL01$h1628
=CAT  \\$aIPL-CLA$c20150228$lBLL01$h2051
=CAT  \\$aBATCH-UPD$b00$c20160602$lBLL01$h1851
=CAT  \\$aW1703-0316$c20170306$lBLL01$h1825
=CAT  \\$aW1703-0316$c20170307$lBLL01$h1648
=CAT  \\$aIPL-CLA$c20170307$lBLL01$h1824
=CAT  \\$aBATCH-UPD$b00$c20180219$lBLL01$h1749
=CAT  \\$aBATCH-UPD$b00$c20181121$lBLL01$h1623
=CAT  \\$aBATCH-CLA$b00$c20181122$lBLL01$h0139
=CAT  \\$aBATCH-CLA$b00$c20181122$lBLL01$h0149
=CAT  \\$aIPL-CLA$c20181231$lBLL01$h1545
=CAT  \\$aBATCH-CLA$b00$c20191128$lBLL01$h0120
=CAT  \\$aIPL-CLA$c20191231$lBLL01$h1943
=CFI  0\$aCurrent Copyright Fee: GBP32.00$c35\0$e01-jan-2020$fGBP32.00$g0$hP$5Uk
=CFI  2\$aPrevious copyright fee: GBP28.00$c35\0$e01-jan-2019$fGBP28.00$g0$hP$5Uk
=FFP  \\$aY$bBLDSS-3PM
=FIN  \\$aY$d20061214
=LKR  \\$aANA$b012432562$lBLL01$nCongenital anomalies$r773$y2006$v46$i4$mJapanese Teratology Society : 46th annual meeting.
=TCO  \\$aAUS$bCAL$c008
=UNO  \\$aY
=ACF  \\$aPrevious copyright fee: GBP22.00$c10\0$e01-jan-2006$fGBP22.00$g0$hP$5Uk
=LAS  \\$aIPL-CLA$b00$c20191231$lBLL01$h1943

