=LDR  02865caa a22006977a 4500
=001  013644555
=003  Uk
=005  20221231213152.0
=008  070116s2006\\\\xxu\\\\\\\\\\\100\0\eng\\
=FMT  \\$a  BK
=040  \\$aUk$beng$cUk
=CNF  \\$aMethodology of Research in Educational Effectiveness (Symposium)$d(2005 :$cBarcelona, Spain)
=245  00$aCommentary on papers presented at the MORE symposium held at the ICSEI annual conference.
=260  \\$bRoutledge,$c2006.
=300  \\$ap. 595-600.
=336  \\$atext$2rdacontent
=337  \\$aunmediated$2rdamedia
=338  \\$avolume$2rdacarrier
=591  \\$aReport.
=540  \\$aCurrent copyright fee: GBP37.00$c2\0$5Uk
=653  1\$aMORE
=653  1\$aEducational effectiveness
=653  1\$aICSEI
=710  2\$aICSEI.
=856  \\$31850-9999$uhttp://www.tandfonline.com/$xBLDSS
=852  41$aBritish Library$bHMNTS$jELD Digital store
=852  41$aBritish Library$bDSC$j3661.844500
=945  \\$aEducational research and evaluation, ISSN 1380-3611 ; vol 12 no 6 2006
=CAT  \\$a6019$b40$c20070116$lBLL01$h1145
=CAT  \\$aIPL-CLA$c20151231$lBLL01$h1925
=CAT  \\$aBATCH-UPD$b00$c20160620$lBLL01$h0201
=CAT  \\$aBATCH-CLA$b00$c20160621$lBLL01$h0121
=CAT  \\$aBATCH-UPD$b00$c20161122$lBLL01$h1513
=CAT  \\$aBATCH-CLA$b00$c20161123$lBLL01$h0147
=CAT  \\$aIPL-CLA$c20161230$lBLL01$h2209
=CAT  \\$aBATCH-UPD$b00$c20171121$lBLL01$h1648
=CAT  \\$aBATCH-CLA$b00$c20171122$lBLL01$h0156
=CAT  \\$aIPL-CLA$c20171231$lBLL01$h1702
=CAT  \\$aBATCH-UPD$b00$c20181217$lBLL01$h1639
=CAT  \\$aBATCH-CLA$b00$c20181218$lBLL01$h0114
=CAT  \\$aBATCH-CLA$b00$c20181218$lBLL01$h0139
=CAT  \\$aIPL-CLA$c20181231$lBLL01$h1545
=CAT  \\$aBATCH-UPD$b00$c20191122$lBLL01$h1901
=CAT  \\$aBATCH-CLA$b00$c20191123$lBLL01$h0117
=CAT  \\$aBATCH-CLA$b00$c20191123$lBLL01$h0129
=CAT  \\$aIPL-CLA$c20191231$lBLL01$h1943
=CAT  \\$aBATCH-UPD$b00$c20201118$lBLL01$h1334
=CAT  \\$aBATCH-CLA$b00$c20201119$lBLL01$h0120
=CAT  \\$aBATCH-CLA$b00$c20201119$lBLL01$h0142
=CAT  \\$aIPL-CLA$c20201231$lBLL01$h2217
=CAT  \\$aBATCH-UPD$b00$c20221121$lBLL01$h1347
=CAT  \\$aBATCH-CLA$b00$c20221122$lBLL01$h0142
=CAT  \\$aBATCH-CLA$b00$c20221122$lBLL01$h0238
=CAT  \\$aIPL-CLA$c20221231$lBLL01$h2131
=CFI  0\$aCurrent copyright fee: GBP37.00$c2\0$e01-jan-2023$fGBP37.00$g0$hP$5Uk
=CFI  2\$aPrevious copyright fee: GBP35.00$c2\0$e01-jan-2021$fGBP35.00$g0$hP$5Uk
=FFP  \\$aY$bBLDSS-3PM
=FIN  \\$aY$d20070116
=LKR  \\$aANA$b013352101$lBLL01$nEducational research and evaluation$r773$y2006$v12$i6$mCommentary on papers presented at the MORE symposium held at the ICSEI annual conference.
=TCO  \\$aNLD$bSTICHTING REPRORECHT$c008
=LAS  \\$aIPL-CLA$b00$c20221231$lBLL01$h2131

