=LDR  03129caa a22007217a 4500
=001  013677403
=003  Uk
=005  20230427010923.0
=008  070220s2006\\\\enk||||\\||||\10|\0\eng\\
=FMT  \\$a  BK
=040  \\$aUk$beng$cUk
=CNF  \\$aFoundation for Promotion of Cancer Research (Symposium)$n(19th :$d2006 Feb :$cTokyo)
=245  00$aInfection, cancer and prevention :$breport of the 19th international symposium of the Foundation for Promotion of Cancer Research /$cFabian Emura ... [et al.].
=260  \\$bOxford University Press,$c2006.
=300  \\$app. 745-755.
=336  \\$atext$2rdacontent
=337  \\$aunmediated$2rdamedia
=338  \\$avolume$2rdacarrier
=591  \\$aReport.
=540  \\$aCurrent Copyright Fee: GBP32.00$c29\0$5Uk
=653  1\$aCancer research
=653  1\$aInfection
=700  1\$aEmura, Fabian.
=710  2\$aFoundation for Promotion of Cancer Research.
=856  \\$31850-9999$uhttp://ukcatalogue.oup.com/$xBLDSS
=852  41$aBritish Library$bHMNTS$jELD Digital store
=852  41$aBritish Library$bDSC$j4651.378000
=945  \\$aJapanese journal of clinical oncology, ISSN 0368-2811 ; vol 36 no 11 2006
=CAT  \\$a11245$b40$c20070220$lBLL01$h1439
=CAT  \\$aBATCH-UPD$b00$c20160525$lBLL01$h0013
=CAT  \\$aBATCH-CLA$b00$c20160526$lBLL01$h0134
=CAT  \\$aBATCH-UPD$b00$c20161122$lBLL01$h1521
=CAT  \\$aIPL-CLA$c20161230$lBLL01$h2211
=CAT  \\$aBATCH-UPD$b00$c20171121$lBLL01$h1704
=CAT  \\$aIPL-CLA$c20171231$lBLL01$h1703
=CAT  \\$aBATCH-UPD$b00$c20181217$lBLL01$h1652
=CAT  \\$aBATCH-CLA$b00$c20181218$lBLL01$h0115
=CAT  \\$aBATCH-CLA$b00$c20181218$lBLL01$h0139
=CAT  \\$aIPL-CLA$c20181231$lBLL01$h1545
=CAT  \\$aBATCH-CLA$b00$c20191207$lBLL01$h0108
=CAT  \\$aIPL-CLA$c20191231$lBLL01$h1944
=CAT  \\$aBATCH-UPD$b00$c20220308$lBLL01$h1734
=CAT  \\$aBATCH-CLA$b00$c20220309$lBLL01$h0137
=CAT  \\$aBATCH-CLA$b00$c20220309$lBLL01$h0145
=CAT  \\$aIPL-CLA$c20220331$lBLL01$h2242
=CAT  \\$aBATCH-CLA$b00$c20230315$lBLL01$h0142
=CAT  \\$aBATCH-CLA$b00$c20230323$lBLL01$h0112
=CAT  \\$aBATCH-CLA$b00$c20230324$lBLL01$h0110
=CAT  \\$aBATCH-CLA$b00$c20230324$lBLL01$h0116
=CAT  \\$aIPL-CLA$c20230331$lBLL01$h1649
=CAT  \\$aS2304-0519$c20230412$lBLL01$h1139
=CAT  \\$aBATCH-CLA$b00$c20230413$lBLL01$h0108
=CAT  \\$aBATCH-SUPP$c20230426$lBLL01$h1109
=CAT  \\$aBATCH-CLA$b00$c20230427$lBLL01$h0109
=CFI  0\$aCurrent Copyright Fee: GBP32.00$c29\0$e01-apr-2023$fGBP32.00$g0$hP$5Uk
=FFP  \\$aY$bBLDSS-3PM
=FIN  \\$aY$d20070220
=LKR  \\$aANA$b012433591$lBLL01$nJAPANESE JOURNAL OF CLINICAL ONCOLOGY.$r773$y2006$v36$i11$mInfection, cancer and prevention : report of the 19th international symposium of the Foundation for Promotion of Cancer Research /
=TCO  \\$aJPN$bJAACC$c008
=UNO  \\$aY
=ACF  \\$aPrevious copyright fee: GBP20.00$c29\0$e01-jan-2013$fGBP20.00$g0$hP$5Uk
=ACF  \\$aPrevious copyright fee: GBP24.00$c29\0$e01-jan-2016$fGBP24.00$g0$hP$5Uk
=LAS  \\$aBATCH-CLA$b00$c20230427$lBLL01$h0109

