=LDR  03140caa a22007217a 4500
=001  013680190
=003  Uk
=005  20230930111139.0
=008  070222s2006\\\\xxu\\\\\\\\\\\100\0\eng\\
=FMT  \\$a  BK
=040  \\$aUk$beng$cUk
=CNF  \\$aConference on the precautionary approach to electromagnetic fields.$d(2006 Feb :$cBenevento, Italy)
=245  00$aConference on the precautionary approach to electromagnetic fields.
=260  \\$bInforma healthcare,$c2006.
=300  \\$a1 v.
=336  \\$atext$2rdacontent
=337  \\$aunmediated$2rdamedia
=338  \\$avolume$2rdacarrier
=591  \\$aSelected papers.
=540  \\$aCurrent copyright fee: GBP46.00$c2\0$5Uk
=653  1\$aElectromagnetic fields.
=653  2\$aPrecautionary approach
=856  \\$31850-9999$uhttp://informahealthcare.com$xBLDSS
=852  41$aBritish Library$bHMNTS$jELD Digital store
=852  41$aBritish Library$bDSC$j3699.478500
=945  \\$aElectromagnetic biology and medicine, ISSN 1536-8378 ; vol 25 no 4 2006
=CAT  \\$a6019$b40$c20070222$lBLL01$h1235
=CAT  \\$aBATCH-CLA$b00$c20150210$lBLL01$h0039
=CAT  \\$aIPL-CLA$c20150331$lBLL01$h1648
=CAT  \\$aBATCH-UPD$b00$c20151119$lBLL01$h1559
=CAT  \\$aIPL-CLA$c20151231$lBLL01$h1925
=CAT  \\$aBATCH-UPD$b00$c20160524$lBLL01$h2148
=CAT  \\$aBATCH-UPD$b00$c20160524$lBLL01$h2158
=CAT  \\$aBATCH-UPD$b00$c20161122$lBLL01$h1538
=CAT  \\$aIPL-CLA$c20161230$lBLL01$h2211
=CAT  \\$aBATCH-UPD$b00$c20171121$lBLL01$h1718
=CAT  \\$aIPL-CLA$c20171231$lBLL01$h1703
=CAT  \\$aBATCH-UPD$b00$c20181217$lBLL01$h1705
=CAT  \\$aBATCH-CLA$b00$c20181218$lBLL01$h0114
=CAT  \\$aBATCH-CLA$b00$c20181218$lBLL01$h0139
=CAT  \\$aIPL-CLA$c20181231$lBLL01$h1545
=CAT  \\$aBATCH-UPD$b00$c20210126$lBLL01$h1323
=CAT  \\$aIPL-CLA$c20210126$lBLL01$h1458
=CAT  \\$aBATCH-CLA$b00$c20210127$lBLL01$h0150
=CAT  \\$aBATCH-UPD$b00$c20221121$lBLL01$h1423
=CAT  \\$aBATCH-CLA$b00$c20221122$lBLL01$h0142
=CAT  \\$aBATCH-CLA$b00$c20221122$lBLL01$h0239
=CAT  \\$aIPL-CLA$c20221231$lBLL01$h2133
=CAT  \\$aR2308-1440$c20230824$lBLL01$h0929
=CAT  \\$aBATCH-CLA$b00$c20230825$lBLL01$h0109
=CAT  \\$aBATCH-CLA$b00$c20230825$lBLL01$h0117
=CAT  \\$aIPL-CLA$c20230930$lBLL01$h1111
=CFI  0\$aCurrent copyright fee: GBP46.00$c2\0$e01-oct-2023$fGBP46.00$g0$hP$5Uk
=CFI  2\$aPrevious copyright fee: GBP46.00$c45\0$e01-jan-2023$fGBP46.00$g0$hP$5Uk
=FFP  \\$aY$bBLDSS-3PM
=FIN  \\$aY$d20070222
=LKR  \\$aANA$b013352113$lBLL01$nElectromagnetic biology and medicine$r773$y2006$v25$i4$mConference on the precautionary approach to electromagnetic fields.
=TCO  \\$aTRS$bCCC$c008
=ACF  \\$aPrevious copyright fee: GBP29.00$c45\0$e09-nov-2009$fGBP29.00$g0$hP$5Uk
=ACF  \\$aPrevious copyright fee: GBP33.00$c45\0$e01-apr-2015$fGBP33.00$g0$hP$5Uk
=ACF  \\$aPrevious copyright fee: GBP34.00$c45\0$e01-jan-2016$fGBP34.00$g0$hP$5Uk
=ACF  \\$aPrevious copyright fee: GBP38.00$c45\0$e01-jan-2018$fGBP38.00$g0$hP$5Uk
=LAS  \\$aIPL-CLA$b00$c20230930$lBLL01$h1111

