=LDR  02338caa a22005897a 4500
=001  013685931
=003  Uk
=005  20070301120757.0
=008  070301s2007\\\\enk\\\\\\\\\\\100\0\eng\\
=FMT  \\$a  BK
=020  \\$a9781846633508 (pbk)
=040  \\$aUk$beng$cUk
=CNF  \\$aCorporate Communication Institute (Conference)$d(2006 Jun :$cWroxton)
=245  00$aPapers from the CCI conference on communications 2006 /$bGuest editor, Dr. Michael B Goodman.
=260  \\$bEmerald Group,$c2007.
=300  \\$a1 v.
=336  \\$atext$2rdacontent
=337  \\$aunmediated$2rdamedia
=338  \\$avolume$2rdacarrier
=591  \\$aSelected papers.
=540  \\$aCurrent copyright fee: GBP30.00$c25\0$5Uk
=653  1\$aCCI
=653  1\$aCorporate communication
=653  1\$aCommunications
=700  1\$aGoodman, Dr. Michael B.
=710  2\$aCorporate Communication Institute.
=856  \\$31850-9999$uhttp://www.emeraldinsight.com/$xBLDSS
=852  41$aBritish Library$bHMNTS$jELD Digital store
=852  41$aBritish Library$bDSC$j3472.060695
=945  \\$aCorporate communications, ISSN 1356-3289 ; vol 12 no 1 2007
=CAT  \\$a6019$b40$c20070301$lBLL01$h1207
=CAT  \\$aBATCH-CLA$b00$c20120928$lBLL01$h1823
=CAT  \\$aBATCH-CLA$b00$c20120930$lBLL01$h1023
=CAT  \\$aWR13.050$c20130324$lBLL01$h1445
=CAT  \\$aBATCH-CLA$b00$c20130508$lBLL01$h0704
=CAT  \\$aBATCH-UPD$b00$c20130904$lBLL01$h1926
=CAT  \\$aIPL-CLA$c20130930$lBLL01$h1750
=CAT  \\$aBATCH-CLA$b00$c20140125$lBLL01$h1252
=CAT  \\$aBATCH-CLA$b00$c20140202$lBLL01$h0139
=CAT  \\$aBATCH-CLA$c20140225$lBLL01$h2329
=CAT  \\$aBLDSS-3PM$b00$c20141121$lBLL01$h1852
=CAT  \\$aBATCH-UPD$b00$c20151109$lBLL01$h1747
=CAT  \\$aIPL-CLA$c20151109$lBLL01$h1813
=CAT  \\$aBATCH-UPD$b00$c20160615$lBLL01$h1658
=CFI  0\$aCurrent copyright fee: GBP30.00$c25\0$e09-nov-2015$fGBP30.00$g0$hP$5Uk
=CFI  2\$aPrevious copyright fee: GBP20.00$c25\0$e01-oct-2013$fGBP20.00$g0$hP$5Uk
=FFP  \\$aY$bBLDSS-3PM
=FIN  \\$aY$d20070301
=LKR  \\$aANA$b012432587$lBLL01$nCORPORATE COMMUNICATIONS.$r773$y2007$v12$i1$mPapers from the CCI conference on communications 2006 / Guest editor, Dr. Michael B Goodman.
=TCO  \\$aCLA$bCLA$c008
=UNO  \\$aY
=LAS  \\$aBATCH-UPD$b00$c20160615$lBLL01$h1658

