=LDR  02418caa a22006017a 4500
=001  013702023
=003  Uk
=005  20191231194452.0
=008  070323s2007\\\\xxu\\\\\\\\\\\100\0\eng\\
=FMT  \\$a  BK
=040  \\$aUk$beng$cUk
=CNF  \\$aAnnual meeting of the American Society for Apheresis.$n(27th :$d2006 May$cLas Vegas, NV)
=245  00$a27th annual meeting of the American Society for Apheresis.
=260  \\$bWiley-Liss, Inc.$c2007.
=300  \\$ap. 31-49.
=336  \\$atext$2rdacontent
=337  \\$aunmediated$2rdamedia
=338  \\$avolume$2rdacarrier
=591  \\$aSelected papers.
=540  \\$aCurrent Copyright Fee: GBP39.00$c35\0$5Uk
=653  1\$aApheresis
=710  2\$aAmerican Society for Apheresis.
=856  \\$31850-9999$uhttp://onlinelibrary.wiley.com/$xBLDSS
=852  41$aBritish Library$bDSC$j4958.381500
=852  41$aBritish Library$bHMNTS$jELD Digital store
=945  \\$aJournal of clinical apheresis, ISSN 0733-2459 ; vol 22 no 1 2007
=CAT  \\$a6019$b40$c20070323$lBLL01$h1300
=CAT  \\$a6019$b40$c20070323$lBLL01$h1302
=CAT  \\$aBATCH-CLA$b00$c20120928$lBLL01$h1838
=CAT  \\$aBATCH-CLA$b00$c20120930$lBLL01$h1050
=CAT  \\$aBATCH-CLA$b00$c20130508$lBLL01$h0737
=CAT  \\$aBATCH-CLA$b00$c20140125$lBLL01$h1317
=CAT  \\$aBATCH-CLA$c20140225$lBLL01$h2329
=CAT  \\$aBLDSS-3PM$b00$c20141214$lBLL01$h1524
=CAT  \\$aBATCH-UPD$b00$c20150215$lBLL01$h1658
=CAT  \\$aIPL-CLA$c20150228$lBLL01$h2051
=CAT  \\$aBATCH-UPD$b00$c20160712$lBLL01$h1751
=CAT  \\$aBATCH-CLA$b00$c20160713$lBLL01$h0134
=CAT  \\$aBATCH-UPD$b00$c20180219$lBLL01$h1750
=CAT  \\$aBATCH-UPD$b00$c20181121$lBLL01$h1623
=CAT  \\$aBATCH-CLA$b00$c20181122$lBLL01$h0139
=CAT  \\$aBATCH-CLA$b00$c20181122$lBLL01$h0149
=CAT  \\$aIPL-CLA$c20181231$lBLL01$h1545
=CAT  \\$aBATCH-CLA$b00$c20191128$lBLL01$h0120
=CAT  \\$aIPL-CLA$c20191231$lBLL01$h1944
=CFI  0\$aCurrent Copyright Fee: GBP39.00$c35\0$e01-jan-2020$fGBP39.00$g0$hP$5Uk
=CFI  2\$aPrevious copyright fee: GBP28.00$c35\0$e01-jan-2019$fGBP28.00$g0$hP$5Uk
=FFP  \\$aY$bBLDSS-3PM
=FIN  \\$aY$d20070323
=LKR  \\$aANA$b013349694$lBLL01$nJournal of clinical apheresis$r773$y2007$v22$i1$m27th annual meeting of the American Society for Apheresis.
=TCO  \\$aTRS$bCCC$c008
=UNO  \\$aY
=LAS  \\$aIPL-CLA$b00$c20191231$lBLL01$h1944

