=LDR  02889caa a22006737a 4500
=001  013706892
=003  Uk
=005  20211231172219.0
=008  070330s2007\\\\enk\\\\\\\\\\\100\0\eng\\
=FMT  \\$a  BK
=040  \\$aUk$beng$cUk
=CNF  \\$aDeformation and fracture of composites (International conference)$n(8th :$d2005 Apr :$cSheffield)
=245  00$aSelected papers from joint 8th international conference on deformation and fracture of composites (DFC-8) and experimental techniques and design in composite materials (ETDCM-7) /$cguest editors: C. Soutis...[et al.].
=260  \\$bElsevier,$c2007.
=300  \\$a1 v.
=336  \\$atext$2rdacontent
=337  \\$aunmediated$2rdamedia
=338  \\$avolume$2rdacarrier
=591  \\$aSelected papers.
=540  \\$aCurrent copyright fee: GBP34.30$c5\1$5Uk
=653  1\$aDeformation of composites
=653  1\$aFracture of composites
=653  1\$aComposites
=653  1\$aDFC
=653  1\$aETDCM
=700  1\$aSoutis, C.
=856  \\$31850-9999$uhttp://www.elsevier.com/journals$xBLDSS
=852  41$aBritish Library$bHMNTS$jELD Digital store
=852  41$aBritish Library$bDSC$j3365.610000
=945  \\$aComposites part A ; vol 38A no 4 2007
=CAT  \\$a7153$b40$c20070330$lBLL01$h1216
=CAT  \\$aBATCH-CLA$b00$c20120928$lBLL01$h1839
=CAT  \\$aBATCH-CLA$b00$c20120930$lBLL01$h1050
=CAT  \\$aBATCH-UPD$b00$c20121121$lBLL01$h1659
=CAT  \\$aIPL-CLA$c20121231$lBLL01$h1323
=CAT  \\$aIPL-CLA$c20130102$lBLL01$h1751
=CAT  \\$aBATCH-CLA$b00$c20130508$lBLL01$h0738
=CAT  \\$aBATCH-CLA$b00$c20140125$lBLL01$h1313
=CAT  \\$aBATCH-CLA$b00$c20140202$lBLL01$h0139
=CAT  \\$aBATCH-CLA$c20140225$lBLL01$h2329
=CAT  \\$aBLDSS-3PM$b00$c20141222$lBLL01$h1716
=CAT  \\$aBATCH-UPD$b00$c20160523$lBLL01$h1413
=CAT  \\$aBATCH-UPD$b00$c20171121$lBLL01$h1747
=CAT  \\$aIPL-CLA$c20171231$lBLL01$h1704
=CAT  \\$aBATCH-UPD$b00$c20190521$lBLL01$h1439
=CAT  \\$aBATCH-CLA$b00$c20190522$lBLL01$h0226
=CAT  \\$aBATCH-CLA$b00$c20190522$lBLL01$h0241
=CAT  \\$aIPL-CLA$c20190630$lBLL01$h1537
=CAT  \\$aBATCH-UPD$b00$c20211119$lBLL01$h1556
=CAT  \\$aBATCH-CLA$b00$c20211120$lBLL01$h0200
=CAT  \\$aBATCH-CLA$b00$c20211120$lBLL01$h0213
=CAT  \\$aIPL-CLA$c20211231$lBLL01$h1722
=CFI  0\$aCurrent copyright fee: GBP34.30$c5\1$e01-jan-2022$fGBP34.30$g0$hP$5Uk
=CFI  2\$aPrevious copyright fee: GBP32.84$c5\1$e01-jul-2019$fGBP32.84$g0$hP$5Uk
=FFP  \\$aY$bBLDSS-3PM
=FIN  \\$aY$d20070330
=LKR  \\$aANA$b012432501$lBLL01$nComposites part A$r773$y2007$v38$i4$mSelected papers from joint 8th international conference on deformation and fracture of composites (DFC-8) and experimental techniques and design in composite materials (ETDCM-7)
=TCO  \\$aCLA$bCLA$c008
=LAS  \\$aIPL-CLA$b00$c20211231$lBLL01$h1722

