=LDR  03201caa a22007577a 4500
=001  013737506
=003  Uk
=005  20221231213615.0
=008  070502s2007\\\\xxu\\\\\\\\\\\100\0\eng\\
=FMT  \\$a  BK
=040  \\$aUk$beng$cUk
=CNF  \\$aBOSC workshop on USEPA risk assessment principles and practices.$d(2007)
=245  00$aBOSC workshop on USEPA risk assessment principles and practices.
=260  \\$bTaylor & Francis,$c2007.
=300  \\$ap. 39-119.
=336  \\$atext$2rdacontent
=337  \\$aunmediated$2rdamedia
=338  \\$avolume$2rdacarrier
=591  \\$aExtended abstracts.
=540  \\$aCurrent copyright fee: GBP43.00$c2\0$5Uk
=653  1\$aBOSC
=653  1\$aUSEPA
=653  1\$aRisk assessment principles
=710  2\$aBOSC.
=710  1\$aUnited States.$bEnvironmental Protection Agency.
=856  \\$31850-9999$uhttp://www.tandfonline.com/$xBLDSS
=852  41$aBritish Library$bSTI$jELD Digital store
=852  41$aBritish Library$bDSC$j4335.972000
=945  \\$aHuman and ecological risk assessment, ISSN 1080-7039 ; vol 13 no 1 2007
=CAT  \\$a6019$b40$c20070502$lBLL01$h1602
=CAT  \\$aIPL-CLA$c20151231$lBLL01$h1925
=CAT  \\$aBATCH-CLA$b00$c20160303$lBLL01$h0135
=CAT  \\$aIPL-CLA$c20160331$lBLL01$h1739
=CAT  \\$aBATCH-UPD$b00$c20160726$lBLL01$h0259
=CAT  \\$aBATCH-CLA$b00$c20160727$lBLL01$h0131
=CAT  \\$aBATCH-UPD$b00$c20161122$lBLL01$h1505
=CAT  \\$aIPL-CLA$c20161230$lBLL01$h2215
=CAT  \\$aBATCH-UPD$b00$c20171121$lBLL01$h1655
=CAT  \\$aIPL-CLA$c20171231$lBLL01$h1705
=CAT  \\$aBATCH-UPD$b00$c20181217$lBLL01$h1645
=CAT  \\$aBATCH-CLA$b00$c20181218$lBLL01$h0117
=CAT  \\$aBATCH-CLA$b00$c20181218$lBLL01$h0139
=CAT  \\$aIPL-CLA$c20181231$lBLL01$h1545
=CAT  \\$aBATCH-UPD$b00$c20191122$lBLL01$h1907
=CAT  \\$aBATCH-CLA$b00$c20191123$lBLL01$h0118
=CAT  \\$aBATCH-CLA$b00$c20191123$lBLL01$h0129
=CAT  \\$aIPL-CLA$c20191231$lBLL01$h1945
=CAT  \\$aBATCH-UPD$b00$c20201118$lBLL01$h1341
=CAT  \\$aBATCH-CLA$b00$c20201119$lBLL01$h0123
=CAT  \\$aBATCH-CLA$b00$c20201119$lBLL01$h0142
=CAT  \\$aIPL-CLA$c20201231$lBLL01$h2220
=CAT  \\$aBATCH-UPD$b00$c20221121$lBLL01$h1340
=CAT  \\$aBATCH-CLA$b00$c20221122$lBLL01$h0152
=CAT  \\$aBATCH-CLA$b00$c20221122$lBLL01$h0239
=CAT  \\$aIPL-CLA$c20221231$lBLL01$h2136
=CFI  0\$aCurrent copyright fee: GBP43.00$c2\0$e01-jan-2023$fGBP43.00$g0$hP$5Uk
=CFI  2\$aPrevious copyright fee: GBP41.00$c2\0$e01-jan-2021$fGBP41.00$g0$hP$5Uk
=FFP  \\$aY$bBLDSS-3PM
=FIN  \\$aY$d20070502
=LKR  \\$aANA$b013367921$lBLL01$nHuman & ecological risk assessment$r773$y2007$v13$i1$mBOSC workshop on USEPA risk assessment principles and practices.
=TCO  \\$aTRS$bCCC$c008
=ACF  \\$aPrevious copyright fee: GBP27.00$c2\0$e01-jan-2012$fGBP27.00$g0$hP$5Uk
=ACF  \\$aPrevious copyright fee: GBP27.50$c2\0$e01-jan-2013$fGBP27.50$g0$hP$5Uk
=ACF  \\$aPrevious copyright fee: GBP28.00$c2\0$e01-jan-2014$fGBP28.00$g0$hP$5Uk
=ACF  \\$aPrevious copyright fee: GBP31.00$c2\0$e01-apr-2016$fGBP31.00$g0$hP$5Uk
=LAS  \\$aIPL-CLA$b00$c20221231$lBLL01$h2136

