=LDR  02642caa a22006617a 4500
=001  013737839
=003  Uk
=005  20191231194525.0
=008  070503s2007\\\\ja\\\\\\\\\\\\100\0\eng\\
=FMT  \\$a  BK
=040  \\$aUk$beng$cUk
=CNF  \\$aJapanese Cancer Association Symposium.$d(2006 Jul :$cTokyo)
=245  00$aOn environmental carcinogens :$bfrom an era of risk evaluation to an era of risk management.
=260  \\$bBlackwell Science,$c2007.
=300  \\$ap. 617-619.
=336  \\$atext$2rdacontent
=337  \\$aunmediated$2rdamedia
=338  \\$avolume$2rdacarrier
=591  \\$aReport.
=540  \\$aCurrent Copyright Fee: zero$c35\0$5Uk
=653  1\$aCancer
=653  1\$aEnvironmental carcinogens
=710  2\$aNihon Gan Gakkai.
=856  \\$31850-9999$uhttp://onlinelibrary.wiley.com/$xBLDSS
=852  41$aBritish Library$bSTI$jELD Digital store
=852  \\$aBritish Library$bDSC$j3046.603000
=945  \\$aCancer science, ISSN 1347-9032 ; vol 98 no 4 2007
=CAT  \\$a6019$b40$c20070503$lBLL01$h1031
=CAT  \\$aBATCH-UPD$b40$c20080822$lBLL01$h0128
=CAT  \\$aBATCH-CLA$b00$c20120928$lBLL01$h1837
=CAT  \\$aBATCH-CLA$b00$c20120930$lBLL01$h1047
=CAT  \\$aBATCH-CLA$b00$c20130508$lBLL01$h0734
=CAT  \\$aBATCH-CLA$b00$c20140125$lBLL01$h1311
=CAT  \\$aBATCH-CLA$b00$c20140205$lBLL01$h0049
=CAT  \\$aBATCH-CLA$c20140225$lBLL01$h2330
=CAT  \\$aBLDSS-3PM$b00$c20141214$lBLL01$h1524
=CAT  \\$aBATCH-UPD$b00$c20150215$lBLL01$h1629
=CAT  \\$aIPL-CLA$c20150228$lBLL01$h2051
=CAT  \\$aBATCH-UPD$b00$c20160519$lBLL01$h1949
=CAT  \\$aBATCH-CLA$b00$c20160520$lBLL01$h0112
=CAT  \\$aW1703-0316$c20170306$lBLL01$h1825
=CAT  \\$aW1703-0316$c20170307$lBLL01$h1649
=CAT  \\$aIPL-CLA$c20170307$lBLL01$h1824
=CAT  \\$aBATCH-UPD$b00$c20180219$lBLL01$h1750
=CAT  \\$aBATCH-UPD$b00$c20181121$lBLL01$h1623
=CAT  \\$aBATCH-CLA$b00$c20181122$lBLL01$h0138
=CAT  \\$aBATCH-CLA$b00$c20181122$lBLL01$h0149
=CAT  \\$aIPL-CLA$c20181231$lBLL01$h1545
=CAT  \\$aBATCH-CLA$b00$c20191128$lBLL01$h0120
=CAT  \\$aIPL-CLA$c20191231$lBLL01$h1945
=CFI  0\$aCurrent Copyright Fee: zero$c35\0$e01-jan-2020$fGBP0.00$g0$hP$5Uk
=CFI  2\$aPrevious copyright fee: GBP28.00$c35\0$e01-jan-2019$fGBP28.00$g0$hP$5Uk
=FFP  \\$aY$bBLDSS-3PM
=FIN  \\$aY$d20070503
=LKR  \\$aANA$b013249188$lBLL01$nCancer science$r773$y2007$v98$i4$mOn environmental carcinogens : from an era of risk evaluation to an era of risk management.
=TCO  \\$aJPN$bJAACC$c008
=UNO  \\$aY
=LAS  \\$aIPL-CLA$b00$c20191231$lBLL01$h1945

