=LDR  02849caa a22006857a 4500
=001  013739097
=003  Uk
=005  20211231172228.0
=008  070504s2007\\\\xxu\\\\\\\\\\\100\0\eng\\
=FMT  \\$a  BK
=040  \\$aUk$beng$cUk
=CNF  \\$aMedical applications of signal processing (International seminar)$n(3rd :$d2005 Nov :$cLondon)
=245  00$aSpecial issue on medical applications of signal processing :$bpart 1 /$cedited : Asoke K. Nandi & Rangaraj M Rangayyan.
=260  \\$bElsevier,$c2007.
=300  \\$a1 v.
=336  \\$atext$2rdacontent
=337  \\$aunmediated$2rdamedia
=338  \\$avolume$2rdacarrier
=591  \\$aSelected papers.
=540  \\$aCurrent copyright fee: GBP34.30$c5\1$5Uk
=653  1\$aMedical applications
=653  1\$aSignal processing
=653  1\$aIEE
=710  2\$aInstitution of Electrical Engineers.
=856  \\$31850-9999$uhttp://www.elsevier.com/journals$xBLDSS
=852  41$aBritish Library$bHMNTS$jELD Digital store
=852  41$aBritish Library$bDSC$j4755.000000
=945  \\$aJournal -Franklin Institute-, ISSN 0016-0032 ; vol 344 no 3/4 2007
=CAT  \\$a6019$b40$c20070504$lBLL01$h1158
=CAT  \\$aBATCH-UPD$b40$c20071216$lBLL01$h1830
=CAT  \\$aBATCH-UPD$b40$c20080114$lBLL01$h1257
=CAT  \\$aBATCH-CLA$b00$c20120928$lBLL01$h1833
=CAT  \\$aBATCH-CLA$b00$c20120930$lBLL01$h1041
=CAT  \\$aBATCH-UPD$b00$c20121121$lBLL01$h1659
=CAT  \\$aIPL-CLA$c20121231$lBLL01$h1323
=CAT  \\$aIPL-CLA$c20130102$lBLL01$h1752
=CAT  \\$aBATCH-CLA$b00$c20130508$lBLL01$h0726
=CAT  \\$aBATCH-CLA$b00$c20140125$lBLL01$h1306
=CAT  \\$aBATCH-CLA$b00$c20140202$lBLL01$h0140
=CAT  \\$aBATCH-CLA$c20140225$lBLL01$h2330
=CAT  \\$aBLDSS-3PM$b00$c20141222$lBLL01$h1716
=CAT  \\$aBATCH-UPD$b00$c20160518$lBLL01$h1753
=CAT  \\$aBATCH-CLA$b00$c20160519$lBLL01$h0110
=CAT  \\$aBATCH-UPD$b00$c20171121$lBLL01$h1747
=CAT  \\$aIPL-CLA$c20171231$lBLL01$h1705
=CAT  \\$aBATCH-UPD$b00$c20190521$lBLL01$h1439
=CAT  \\$aBATCH-CLA$b00$c20190522$lBLL01$h0220
=CAT  \\$aBATCH-CLA$b00$c20190522$lBLL01$h0241
=CAT  \\$aIPL-CLA$c20190630$lBLL01$h1538
=CAT  \\$aBATCH-UPD$b00$c20211119$lBLL01$h1556
=CAT  \\$aBATCH-CLA$b00$c20211120$lBLL01$h0153
=CAT  \\$aBATCH-CLA$b00$c20211120$lBLL01$h0214
=CAT  \\$aIPL-CLA$c20211231$lBLL01$h1722
=CFI  0\$aCurrent copyright fee: GBP34.30$c5\1$e01-jan-2022$fGBP34.30$g0$hP$5Uk
=CFI  2\$aPrevious copyright fee: GBP32.84$c5\1$e01-jul-2019$fGBP32.84$g0$hP$5Uk
=FFP  \\$aY$bBLDSS-3PM
=FIN  \\$aY$d20070504
=LKR  \\$aANA$b012433610$lBLL01$nJournal -Franklin Institute-$r773$y2007$v344$i3/4$mSpecial issue on medical applications of signal processing : part 1 /
=TCO  \\$aCLA$bCLA$c008
=LAS  \\$aIPL-CLA$b00$c20211231$lBLL01$h1722

