=LDR  02003 am a22005052a 4500
=001  015465702
=003  Uk
=005  20200328012928.0
=008  090123s2008\\\\enk\\\\\\\\\\\000\0\eng\d
=020  \\$a9780853582434 (pbk.) :$c£20.00
=020  \\$a0853582432 (pbk.) :$c£20.00
=040  \\$aUK-WkNB$beng$cUK-WkNB
=245  10$aMythologies at 50 :$bBarthes and popular culture$pSummer 2008 /$cEdited by Douglas Smith.
=250  \\$aSpecial ed.
=260  \\$aNottingham :$bUniversity of Nottingham :$b[distributor] Alison Haigh,$c2008.
=300  \\$a87 p. ;$c24x16 cm.
=336  \\$atext$2rdacontent
=337  \\$aunmediated$2rdamedia
=338  \\$avolume$2rdacarrier
=366  \\$b20080800$cIP 20090123$jGB$kxxk$mPublisher data keyed manually$2UK-WkNB
=490  1\$aNottingham French studies ;$vv. 47, No. 2,$x0029-4586
=500  \\$aPaperback.
=540  \\$aCurrent copyright fee: GBP15.00$c121\0$5Uk
=700  1\$aSmith, Douglas.
=830  \0$aNottingham French studies ;$vv. 47, No. 2,$x0029-4586
=852  41$aBritish Library$bHMNTS$jAc.2673.b/20.
=852  41$aBritish Library$bHMNTS$jDigital store
=852  41$aBritish Library$bHMNTS$jWilson 429
=852  41$aBritish Library$bDSC$j6175.650000
=856  \\$31850-9999$uhttp://www.euppublishing.com/journals$xBLDSS
=CAT  \\$aBATCH-CMLD$b00$c20100116$lBLL01$h1739
=CAT  \\$aBATCH$b00$c20100116$lBLL01$h1739
=CAT  \\$aWR16_021$c20160626$lBLL01$h1802
=CAT  \\$aBATCH-016$c20170430$lBLL01$h1614
=CAT  \\$aW1706-0374$c20170608$lBLL01$h1725
=CAT  \\$a8411$b40$c20200311$lBLL01$h0908
=CAT  \\$aBATCH-CLA$b00$c20200312$lBLL01$h0105
=CAT  \\$aBLDSS-3PM$b00$c20200327$lBLL01$h1323
=CAT  \\$aBATCH-UPD$b00$c20200327$lBLL01$h1324
=CAT  \\$aBATCH-CLA$b00$c20200328$lBLL01$h0129
=CFI  0\$aCurrent copyright fee: GBP15.00$c121\0$e01-jan-2017$fGBP15.00$g0$hP$5Uk
=FFP  \\$aY$bBLDSS-3PM
=FMT  \\$a  BK
=LAS  \\$aBATCH-CLA$b00$c20200328$lBLL01$h0129
=SRC  \\$aNielsen Bookdata

