=LDR  02931cam a22007337a 4500
=001  015764052
=003  Uk
=005  20211231173118.0
=006  m\\\\|\\\d\|\\\\\\
=007  cr\|||||||||||
=008  080326s2011\\\\xxc||||\s||||\10|\0\eng\\
=FMT  \\$a  BK
=040  \\$aUk$beng$cUk
=CNF  \\$aEuropean congress of clinical microbiology and infectious diseases$n(20th :$d2010 Apr :$cVienna)
=245  00$aAbstracts of the 20th ECCMID$h[electronic resource].
=260  \\$bWiley-Blackwell,$c2010.
=336  \\$atext$2rdacontent
=337  \\$acomputer$2rdamedia
=338  \\$aonline resource$2rdacarrier
=516  \\$aPDF format.
=538  \\$aMode of access: Internet.
=591  \\$aAbstracts.
=595  \\$aESTAR title.
=540  \\$aCurrent copyright fee: GBP34.30$c5\1$5Uk
=653  1\$aClinical microbiology
=653  1\$aInfectious diseases
=653  1\$aECCMID
=773  0\$tClinical microbiology and infection$gVol. 16 suppl. 2 (Apr. 2010)
=856  \\$31850-9999$uhttp://onlinelibrary.wiley.com/$xBLDSS
=852  41$aBritish Library$bSTI$jELD Digital store
=852  41$aBritish Library$bDSC$j3286.305520
=945  \\$aClinical microbiology and infection, ISSN 1198-743X ; vol 16 suppl 2 2010
=CAT  \\$a6933$b40$c20110302$lBLL01$h1618
=CAT  \\$a6550$b40$c20110812$lBLL01$h0908
=CAT  \\$aBATCH-CLA$b00$c20120928$lBLL01$h1839
=CAT  \\$aBATCH-CLA$b00$c20120930$lBLL01$h1050
=CAT  \\$aBATCH-CLA$b00$c20130508$lBLL01$h0738
=CAT  \\$aBATCH-CLA$b00$c20130718$lBLL01$h0045
=CAT  \\$aBATCH-CLA$b00$c20140125$lBLL01$h1313
=CAT  \\$aBATCH-CLA$b00$c20140205$lBLL01$h0050
=CAT  \\$aBATCH-CLA$c20140225$lBLL01$h2339
=CAT  \\$aBATCH-CLA$b00$c20141212$lBLL01$h0121
=CAT  \\$aBLDSS-3PM$b00$c20141214$lBLL01$h1526
=CAT  \\$aIPL-CLA$c20141231$lBLL01$h1702
=CAT  \\$aBATCH-CLA$b00$c20150307$lBLL01$h0038
=CAT  \\$aBATCH-UPD$b00$c20160529$lBLL01$h2357
=CAT  \\$a10969$b40$c20161123$lBLL01$h1423
=CAT  \\$aBATCH-UPD$b40$c20171121$lBLL01$h1753
=CAT  \\$aIPL-CLA$c20171231$lBLL01$h1806
=CAT  \\$aBATCH-UPD$b00$c20190521$lBLL01$h1444
=CAT  \\$aBATCH-CLA$b00$c20190522$lBLL01$h0226
=CAT  \\$aBATCH-CLA$b00$c20190522$lBLL01$h0241
=CAT  \\$aIPL-CLA$c20190630$lBLL01$h1545
=CAT  \\$aBATCH-UPD$b00$c20211119$lBLL01$h1601
=CAT  \\$aBATCH-CLA$b00$c20211120$lBLL01$h0200
=CAT  \\$aBATCH-CLA$b00$c20211120$lBLL01$h0215
=CAT  \\$aIPL-CLA$c20211231$lBLL01$h1731
=CFI  0\$aCurrent copyright fee: GBP34.30$c5\1$e01-jan-2022$fGBP34.30$g0$hP$5Uk
=CFI  2\$aPrevious copyright fee: GBP32.84$c5\1$e01-jul-2019$fGBP32.84$g0$hP$5Uk
=FFP  \\$aY$bBLDSS-3PM
=FIN  \\$aY$d20110302
=LKR  \\$aANA$b012432441$lBLL01$r773$y2010$v16$i2$psn$mAbstracts of the 20th ECCMID$nClinical microbiology and infection
=TCO  \\$aCLA$bCLA$c008
=LAS  \\$aIPL-CLA$b00$c20211231$lBLL01$h1731

