=LDR  01965 am a22004692a 4500
=001  015764920
=003  Uk
=005  20200328012929.0
=008  101215s2011\\\\enk\\\\\\\\\\\000\0\eng\d
=020  \\$a9780853582731 (pbk.) :$c£30.00
=020  \\$a0853582734 (pbk.) :$c£30.00
=040  \\$aUK-WkNB$beng$cUK-WkNB
=245  10$aNouveaux departs: Studies in honour of Michel Jeanneret :$bSpecial edition of Nottingham French studies.$nv. 49.3,$pAutumn 2010 /$cEdited by Stephen Bamforth.
=260  \\$aNottingham :$bUniversity of Nottingham,Department of French :$b[distributor] University of Nottingham,Department of French,$c2011.
=300  \\$a148 p. ;$c24x17x1 cm.
=336  \\$atext$2rdacontent
=337  \\$aunmediated$2rdamedia
=338  \\$avolume$2rdacarrier
=366  \\$b20110130$cIP 20101223$jGB$kxxk$mUniversity of Nottingham$2UK-WkNB
=490  0\$aNottingham French studies ;$x0029-4586
=500  \\$aPaperback.
=540  \\$aCurrent copyright fee: GBP15.00$c121\0$5Uk
=700  1\$aBamforth, Stephen.
=852  41$aBritish Library$bHMNTS$jAc.2673.b/20.
=852  41$aBritish Library$bHMNTS$jDigital store
=852  41$aBritish Library$bHMNTS$jWilson 429
=852  41$aBritish Library$bDSC$j6175.650000
=856  \\$31850-9999$uhttp://www.euppublishing.com/journals$xBLDSS
=CAT  \\$aBATCH-CMLD$b00$c20110305$lBLL01$h1720
=CAT  \\$aWR16_021$c20160701$lBLL01$h1815
=CAT  \\$aBATCH-016$c20170430$lBLL01$h1617
=CAT  \\$aW1706-0374$c20170608$lBLL01$h1728
=CAT  \\$a8411$b40$c20200311$lBLL01$h0905
=CAT  \\$aBATCH-CLA$b00$c20200312$lBLL01$h0105
=CAT  \\$aBLDSS-3PM$b00$c20200327$lBLL01$h1323
=CAT  \\$aBATCH-UPD$b00$c20200327$lBLL01$h1324
=CAT  \\$aBATCH-CLA$b00$c20200328$lBLL01$h0129
=CFI  0\$aCurrent copyright fee: GBP15.00$c121\0$e01-jan-2017$fGBP15.00$g0$hP$5Uk
=FFP  \\$aY$bBLDSS-3PM
=FMT  \\$a  BK
=LAS  \\$aBATCH-CLA$b00$c20200328$lBLL01$h0129
=SRC  \\$aNielsen Bookdata

