=LDR  02965caa a22007577a 4500
=001  015796977
=003  Uk
=005  20191231202734.0
=006  m\\\\|\\\d\|\\\\\\
=007  cr\|||||||||||
=008  110426s2009\\\\xxu\\\\\s\\\\\100\0\eng\\
=FMT  \\$a  BK
=040  \\$aUk$beng$cUk
=CNF  \\$aWorld Institute of Pain (World congress)$n(5th :$d2009 Mar :$cNew York, NY)
=245  00$aAbstracts of the 5th world congress - World Institute of Pain$h[electronic resource].
=260  \\$bWiley,$c2009.
=300  \\$ap. 1-168.
=336  \\$atext$2rdacontent
=337  \\$acomputer$2rdamedia
=338  \\$aonline resource$2rdacarrier
=516  \\$aPDF format.
=538  \\$aMode of access : World Wide Web.
=591  \\$aAbstracts.
=595  \\$aESTAR title.
=540  \\$aCurrent Copyright Fee: GBP39.00$c35\0$5Uk
=653  1\$aPain
=773  0\$tPAIN PRACTICE$gVol. 9 suppl. 1 (2009)
=710  2\$aWorld Institute of Pain.
=856  \\$31850-9999$uhttp://onlinelibrary.wiley.com/$xBLDSS
=852  41$aBritish Library$bDSC$j6333.807500
=852  41$aBritish Library$bHMNTS$jELD Digital store
=945  \\$aPain practice, ISSN 1530-7085 ; vol 9 suppl 1
=CAT  \\$a6933$b40$c20110426$lBLL01$h0947
=CAT  \\$aBATCH-CLA$b00$c20140125$lBLL01$h1252
=CAT  \\$aBATCH-CLA$c20140225$lBLL01$h2339
=CAT  \\$aBATCH-CLA$b00$c20140409$lBLL01$h0129
=CAT  \\$aBATCH-UPD$b00$c20140904$lBLL01$h1140
=CAT  \\$aBATCH-CLA$b00$c20140905$lBLL01$h0038
=CAT  \\$aBLDSS-3PM$b00$c20141214$lBLL01$h1526
=CAT  \\$aBATCH-CLA$b00$c20141215$lBLL01$h0058
=CAT  \\$aBATCH-UPD$b00$c20150215$lBLL01$h1636
=CAT  \\$aBATCH-CLA$b00$c20150216$lBLL01$h0041
=CAT  \\$aIPL-CLA$c20150228$lBLL01$h2056
=CAT  \\$aBATCH-UPD$b00$c20160519$lBLL01$h2225
=CAT  \\$aBATCH-CLA$b00$c20160520$lBLL01$h0112
=CAT  \\$aW1703-0316$c20170306$lBLL01$h1827
=CAT  \\$aBATCH-CLA$b00$c20170307$lBLL01$h0115
=CAT  \\$aW1703-0316$c20170307$lBLL01$h1650
=CAT  \\$aIPL-CLA$c20170307$lBLL01$h1825
=CAT  \\$aBATCH-CLA$b00$c20170308$lBLL01$h0137
=CAT  \\$aBATCH-UPD$b00$c20180219$lBLL01$h1755
=CAT  \\$aBATCH-CLA$b00$c20180220$lBLL01$h0153
=CAT  \\$aBATCH-UPD$b00$c20181121$lBLL01$h1626
=CAT  \\$aBATCH-CLA$b00$c20181122$lBLL01$h0126
=CAT  \\$a7764$b40$c20190122$lBLL01$h1255
=CAT  \\$aBATCH-CLA$b00$c20190123$lBLL01$h0131
=CAT  \\$aBATCH-CLA$b00$c20191128$lBLL01$h0121
=CAT  \\$aIPL-CLA$c20191231$lBLL01$h2027
=CFI  0\$aCurrent Copyright Fee: GBP39.00$c35\0$e01-jan-2020$fGBP39.00$g0$hP$5Uk
=CFI  2\$aPrevious copyright fee: GBP28.00$c35\0$e01-jan-2019$fGBP28.00$g0$hP$5Uk
=FFP  \\$aY$bBLDSS-3PM
=FIN  \\$aY$d20110426
=LKR  \\$aANA$b012434664$lBLL01$r773$y2009$v9$i1$psn$nPAIN PRACTICE$mAbstracts of the 5th world congress - World Institute of Pain
=TCO  \\$aTRS$bCCC$c008
=UNO  \\$aY
=LAS  \\$aIPL-CLA$b00$c20191231$lBLL01$h2027

