=LDR  02954cam a22007337a 4500
=001  015802751
=003  Uk
=005  20230427011027.0
=006  m\\\\|\\\d\|\\\\\\
=007  cr\|||||||||||
=008  080326s2010\\\\enk||||\q||||\10|\0\eng\\
=FMT  \\$a  BK
=040  \\$aUk$beng$cUk
=CNF  \\$aIrish Association of Dermatologists (Spring meeting)$d(2010 Apr :$cWaterford, Ireland)
=245  00$aIrish Association of Dermatologists Spring meeting, Waterford, 23 April 2010$h[electronic resource].
=260  \\$bBlackwell,$c2010.
=336  \\$atext$2rdacontent
=337  \\$acomputer$2rdamedia
=338  \\$aonline resource$2rdacarrier
=516  \\$aPDF format.
=538  \\$aMode of access: World Wide Web.
=591  \\$aAbstracts.
=595  \\$aESTAR title.
=540  \\$aCurrent Copyright Fee: GBP48.00$c29\0$5Uk
=653  1\$aDermatologists
=710  2\$aIrish Association of Dermatologists.
=773  0\$tBRITISH JOURNAL OF DERMATOLOGY$gVol. 163 no. 2 (2010)
=856  \\$31850-9999$uhttp://onlinelibrary.wiley.com/$xBLDSS
=852  41$aBritish Library$bDSC$j2307.400000
=852  41$aBritish Library$bSTI$jELD Digital store
=945  \\$aBritish journal of dermatology, ISSN 0007-0963 ; vol 163 no 2 2010
=CAT  \\$a6933$b40$c20110509$lBLL01$h1538
=CAT  \\$aBATCH-CLA$b00$c20160527$lBLL01$h0110
=CAT  \\$aW1703-0316$c20170306$lBLL01$h1827
=CAT  \\$aW1703-0316$c20170307$lBLL01$h1650
=CAT  \\$aIPL-CLA$c20170307$lBLL01$h1825
=CAT  \\$aBATCH-UPD$b00$c20180219$lBLL01$h1755
=CAT  \\$aBATCH-UPD$b00$c20181121$lBLL01$h1626
=CAT  \\$aBATCH-CLA$b00$c20181122$lBLL01$h0132
=CAT  \\$aBATCH-CLA$b00$c20181122$lBLL01$h0149
=CAT  \\$aIPL-CLA$c20181231$lBLL01$h1551
=CAT  \\$aBATCH-CLA$b00$c20191128$lBLL01$h0121
=CAT  \\$aBATCH-CLA$b00$c20191210$lBLL01$h0112
=CAT  \\$aIPL-CLA$c20191231$lBLL01$h2027
=CAT  \\$aBATCH-CLA$b00$c20211210$lBLL01$h0108
=CAT  \\$aIPL-CLA$c20211231$lBLL01$h1731
=CAT  \\$aBATCH-CLA$b00$c20221231$lBLL01$h0103
=CAT  \\$aIPL-CLA$c20221231$lBLL01$h2305
=CAT  \\$aBATCH-CLA$b00$c20230315$lBLL01$h0143
=CAT  \\$aBATCH-CLA$b00$c20230323$lBLL01$h0112
=CAT  \\$aBATCH-CLA$b00$c20230324$lBLL01$h0111
=CAT  \\$aBATCH-CLA$b00$c20230324$lBLL01$h0116
=CAT  \\$aIPL-CLA$c20230331$lBLL01$h1705
=CAT  \\$aS2304-0519$c20230412$lBLL01$h1140
=CAT  \\$aBATCH-CLA$b00$c20230413$lBLL01$h0109
=CAT  \\$aBATCH-SUPP$c20230426$lBLL01$h1110
=CAT  \\$aBATCH-CLA$b00$c20230427$lBLL01$h0110
=CFI  0\$aCurrent Copyright Fee: GBP48.00$c29\0$e01-apr-2023$fGBP48.00$g0$hP$5Uk
=FFP  \\$aY$bBLDSS-3PM
=FIN  \\$aY$d20110509
=LKR  \\$aANA$b012432291$lBLL01$nBRITISH JOURNAL OF DERMATOLOGY$r773$y2010$v163$i2$mIrish Association of Dermatologists Spring meeting, Waterford, 23 April 2010
=TCO  \\$aCLA$bCLA$c008
=UNO  \\$aY
=LAS  \\$aBATCH-CLA$b00$c20230427$lBLL01$h0110

