=LDR  03120cam a22007577a 4500
=001  015810179
=003  Uk
=005  20191231202751.0
=006  m\\\\|\\\d\|\\\\\\
=007  cr\|||||||||||
=008  080326s2010\\\\enk||||\s||||\10|\0\eng\\
=FMT  \\$a  BK
=040  \\$aUk$beng$cUk
=CNF  \\$aEuropean Academy of Allergy and Clinical Immunology (Congress)$n(29th :$d2010 Jun:$cLondon)
=245  00$aAbstracts of the XXIX EAACI congress of the European Academy of Allergy and Clinical Immunology$h[electronic resource] :$bLondon, UK, 5-9 June 2010.
=260  \\$aOxford :$bBlackwell,$c2010.
=336  \\$atext$2rdacontent
=337  \\$acomputer$2rdamedia
=338  \\$aonline resource$2rdacarrier
=516  \\$aPDF format.
=538  \\$aMode of access: World Wide Web.
=591  \\$aAbstracts.
=595  \\$aESTAR title.
=540  \\$aCurrent Copyright Fee: GBP46.00$c35\0$5Uk
=653  1\$aAllergy
=653  1\$aClinical immunology
=653  1\$aEAACI
=773  0\$tAllergy$gv. 65 no. s92 (2010)
=710  2\$aEuropean Academy of Allergy and Clinical Immunology.
=856  \\$31850-9999$uhttp://onlinelibrary.wiley.com/$xBLDSS
=852  41$aBritish Library$bSTI$jELD Digital store
=852  41$aBritish Library$bDSC$j0790.945000
=945  \\$aAllergy -Copenhagen-, ISSN 0105-4538 ; vol 65 no 92 suppl 2010
=CAT  \\$a6933$b40$c20110518$lBLL01$h0833
=CAT  \\$a6933$b40$c20110518$lBLL01$h0837
=CAT  \\$aBATCH-CLA$b00$c20120928$lBLL01$h1830
=CAT  \\$aBATCH-CLA$b00$c20120930$lBLL01$h1035
=CAT  \\$aBATCH-CLA$b00$c20130508$lBLL01$h0720
=CAT  \\$aBATCH-CLA$b00$c20140125$lBLL01$h1303
=CAT  \\$aBATCH-CLA$b00$c20140205$lBLL01$h0050
=CAT  \\$aBATCH-CLA$c20140225$lBLL01$h2339
=CAT  \\$aBLDSS-3PM$b00$c20141214$lBLL01$h1526
=CAT  \\$aBATCH-UPD$b00$c20150215$lBLL01$h1636
=CAT  \\$aIPL-CLA$c20150228$lBLL01$h2056
=CAT  \\$aBATCH-UPD$b00$c20160602$lBLL01$h1843
=CAT  \\$aBATCH-CLA$b00$c20160603$lBLL01$h0114
=CAT  \\$a10969$b40$c20160803$lBLL01$h1014
=CAT  \\$aBATCH-CLA$b00$c20160804$lBLL01$h0113
=CAT  \\$aW1703-0316$c20170306$lBLL01$h1827
=CAT  \\$aW1703-0316$c20170307$lBLL01$h1650
=CAT  \\$aIPL-CLA$c20170307$lBLL01$h1825
=CAT  \\$aBATCH-UPD$b00$c20180219$lBLL01$h1755
=CAT  \\$aBATCH-UPD$b00$c20181121$lBLL01$h1626
=CAT  \\$aBATCH-CLA$b00$c20181122$lBLL01$h0132
=CAT  \\$aBATCH-CLA$b00$c20181122$lBLL01$h0149
=CAT  \\$aIPL-CLA$c20181231$lBLL01$h1551
=CAT  \\$aBATCH-CLA$b00$c20191128$lBLL01$h0121
=CAT  \\$aIPL-CLA$c20191231$lBLL01$h2027
=CFI  0\$aCurrent Copyright Fee: GBP46.00$c35\0$e01-jan-2020$fGBP46.00$g0$hP$5Uk
=CFI  2\$aPrevious copyright fee: GBP28.00$c35\0$e01-jan-2019$fGBP28.00$g0$hP$5Uk
=FFP  \\$aY$bBLDSS-3PM
=FIN  \\$aY$d20110518
=LKR  \\$aANA$b012431964$lBLL01$nAllergy$r773$y2010$v65$i92$psn$mAbstracts of the XXIX EAACI congress of the European Academy of Allergy and Clinical Immunology London, UK, 5-9 June 2010
=TCO  \\$aCLA$bCLA$c008
=UNO  \\$aY
=LAS  \\$aIPL-CLA$b00$c20191231$lBLL01$h2027

