=LDR  03642cam a22008057a 4500
=001  015811144
=003  Uk
=005  20230531011821.0
=006  m\\\\|\\\d\|\\\\\\
=007  cr\|||||||||||
=008  080326s2007\\\\enk||||\s||||\10|\0\eng\\
=FMT  \\$a  BK
=040  \\$aUk$beng$cUk
=CNF  \\$aBritish Association of Sport and Exercise Sciences (Annual conference)$d(2006 Sep :$cWolverhampton)
=245  00$aBASES 2006$h[electronic resource] :$bfrom education to application : abstracts of the annual conference of the British Association of Sport and Exercise Sciences, September 11-13, 2006, University of Wolverhampton, United Kingdom.
=260  \\$bTaylor & Francis,$c2007.
=300  \\$ap. 235-369.
=336  \\$atext$2rdacontent
=337  \\$acomputer$2rdamedia
=338  \\$aonline resource$2rdacarrier
=516  \\$aPDF format.
=538  \\$aSystem requirements: World Wide Web.
=591  \\$aAbstracts.
=595  \\$aESTAR title.
=540  \\$aCurrent copyright fee: GBP43.00$c2\0$5Uk
=653  1\$aSport
=653  1\$aExercise sciences
=653  1\$aBASES
=773  0\$tJournal of sports sciences$gv. 25 no. 3 (2007)
=710  2\$aBritish Association of Sport and Exercise Sciences.
=856  \\$31850-9999$uhttp://www.tandfonline.com/$xBLDSS
=852  41$aBritish Library$bHMNTS$jELD Digital store
=852  41$aBritish Library$bDSC$j5066.350000
=945  \\$aJournal of sports sciences, ISSN 1466-447X ; vol 25 no 3 2007
=CAT  \\$a6933$b40$c20110519$lBLL01$h1553
=CAT  \\$aBATCH-UPD$b00$c20141124$lBLL01$h1805
=CAT  \\$aBLDSS-3PM$b00$c20141130$lBLL01$h1250
=CAT  \\$aIPL-CLA$c20141231$lBLL01$h1702
=CAT  \\$aBATCH-UPD$b00$c20151119$lBLL01$h1546
=CAT  \\$aIPL-CLA$c20151231$lBLL01$h1933
=CAT  \\$aBATCH-UPD$b00$c20160519$lBLL01$h0221
=CAT  \\$aBATCH-CLA$b00$c20160520$lBLL01$h0112
=CAT  \\$aBATCH-UPD$b00$c20161122$lBLL01$h1514
=CAT  \\$aIPL-CLA$c20161230$lBLL01$h2354
=CAT  \\$aBATCH-UPD$b00$c20171121$lBLL01$h1650
=CAT  \\$aIPL-CLA$c20171231$lBLL01$h1807
=CAT  \\$aBATCH-UPD$b00$c20181217$lBLL01$h1640
=CAT  \\$aBATCH-CLA$b00$c20181218$lBLL01$h0124
=CAT  \\$aBATCH-CLA$b00$c20181218$lBLL01$h0139
=CAT  \\$aIPL-CLA$c20181231$lBLL01$h1551
=CAT  \\$aBATCH-UPD$b00$c20191122$lBLL01$h1902
=CAT  \\$aBATCH-CLA$b00$c20191123$lBLL01$h0122
=CAT  \\$aBATCH-CLA$b00$c20191123$lBLL01$h0130
=CAT  \\$aIPL-CLA$c20191231$lBLL01$h2027
=CAT  \\$aBATCH-UPD$b00$c20201118$lBLL01$h1336
=CAT  \\$aBATCH-CLA$b00$c20201119$lBLL01$h0129
=CAT  \\$aBATCH-CLA$b00$c20201119$lBLL01$h0143
=CAT  \\$aIPL-CLA$c20201231$lBLL01$h2328
=CAT  \\$aBATCH-CLA$b00$c20210210$lBLL01$h0119
=CAT  \\$aBATCH-CLA$b00$c20230531$lBLL01$h0118
=CFI  0\$aCurrent copyright fee: GBP43.00$c2\0$e30-may-2023$fGBP43.00$g0$hP$5Uk
=FFP  \\$aY$bBLDSS-3PM
=FIN  \\$aY$d20110519
=LKR  \\$aANA$b013357541$lBLL01$nJournal of sports sciences$r773$y2007$v25$i3$mBASES 2006 from education to application : abstracts of the annual conference of the British Association of Sport and Exercise Sciences, September 11-13, 2006, University of Wolverhampton, United Kingdom.
=TCO  \\$aCLA$bCLA$c008
=ACF  \\$aPrevious copyright fee: GBP23.00$c2\0$e01-jan-2012$fGBP23.00$g0$hP$5Uk
=ACF  \\$aPrevious copyright fee: GBP23.50$c2\0$e01-jan-2013$fGBP23.50$g0$hP$5Uk
=ACF  \\$aPrevious copyright fee: GBP24.00$c2\0$e01-jan-2014$fGBP24.00$g0$hP$5Uk
=ACF  \\$aPrevious copyright fee: GBP26.00$c2\0$e01-jan-2016$fGBP26.00$g0$hP$5Uk
=LAS  \\$aBATCH-CLA$b00$c20230531$lBLL01$h0118

