=LDR  02908cam a22007217a 4500
=001  015839831
=003  Uk
=005  20211231173146.0
=006  m\\\\|\\\d\|\\\\\\
=007  cr\|||||||||||
=008  080326s2010\\\\xxu||||\s||||\10|\0\eng\\
=FMT  \\$a  BK
=040  \\$aUk$beng$cUk
=CNF  \\$aInternational congress of Parkinson's disease and movement disorders$n(14th :$d2010 Jun :$cBuenos Aires)
=245  00$aAbstracts of the 14th international congress of Parkinson's disease and movement disorders$h[electronic resource].
=260  \\$bWiley,$c2010.
=300  \\$ap. S181-S565.
=336  \\$atext$2rdacontent
=337  \\$acomputer$2rdamedia
=338  \\$aonline resource$2rdacarrier
=516  \\$aPDF format.
=538  \\$aMode of access: Internet.
=591  \\$aAbstracts.
=595  \\$aESTAR title.
=540  \\$aCurrent copyright fee: GBP39.00$c35\0$5Uk
=653  1\$aParkinson's disease
=653  1\$aMovement disorders
=773  0\$tMovement disorders$gVol. 25 suppl. 2 (2010)
=856  \\$31850-9999$uhttp://onlinelibrary.wiley.com/$xBLDSS
=852  41$aBritish Library$bHMNTS$jELD Digital store
=852  41$aBritish Library$bDSC$j5980.317200
=945  \\$aMovement disorders -New York- ; vol 25 suppl 2 2010
=CAT  \\$a6933$b40$c20110704$lBLL01$h1058
=CAT  \\$a6933$b40$c20110704$lBLL01$h1210
=CAT  \\$a6933$b40$c20110704$lBLL01$h1214
=CAT  \\$a6933$b40$c20110704$lBLL01$h1216
=CAT  \\$aBATCH-CLA$b00$c20120928$lBLL01$h1839
=CAT  \\$aBATCH-CLA$b00$c20120930$lBLL01$h1051
=CAT  \\$aBATCH-CLA$b00$c20130508$lBLL01$h0739
=CAT  \\$aBATCH-CLA$b00$c20140125$lBLL01$h1317
=CAT  \\$aBATCH-CLA$c20140225$lBLL01$h2339
=CAT  \\$aBLDSS-3PM$b00$c20141214$lBLL01$h1526
=CAT  \\$aBATCH-UPD$b00$c20150215$lBLL01$h1704
=CAT  \\$aIPL-CLA$c20150228$lBLL01$h2056
=CAT  \\$aBATCH-UPD$b00$c20160526$lBLL01$h1825
=CAT  \\$aBATCH-CLA$b00$c20160527$lBLL01$h0110
=CAT  \\$aBATCH-UPD$b00$c20180219$lBLL01$h1755
=CAT  \\$aBATCH-UPD$b00$c20181121$lBLL01$h1626
=CAT  \\$aBATCH-CLA$b00$c20181122$lBLL01$h0139
=CAT  \\$a7764$b40$c20190122$lBLL01$h1732
=CAT  \\$aBATCH-CLA$b00$c20190123$lBLL01$h0131
=CAT  \\$aBATCH-CLA$b00$c20191128$lBLL01$h0121
=CAT  \\$aIPL-CLA$c20191231$lBLL01$h2028
=CAT  \\$aBATCH-CLA$b00$c20211209$lBLL01$h0110
=CAT  \\$aIPL-CLA$c20211231$lBLL01$h1731
=CFI  0\$aCurrent copyright fee: GBP39.00$c35\0$e01-jan-2022$fGBP39.00$g0$hP$5Uk
=CFI  2\$aPrevious Copyright Fee: GBP32.00$c35\0$e01-jan-2020$fGBP32.00$g0$hP$5Uk
=FFP  \\$aY$bBLDSS-3PM
=FIN  \\$aY$d20110704
=LKR  \\$aANA$b013345959$lBLL01$nMovement disorders$r773$y2010$v25$i2$psn$mAbstracts of the 14th international congress of Parkinson's disease and movement disorders
=TCO  \\$aTRS$bCCC$c008
=UNO  \\$aY
=LAS  \\$aIPL-CLA$b00$c20211231$lBLL01$h1731

