=LDR  02814cam a22006857a 4500
=001  015843075
=003  Uk
=005  20191231202822.0
=006  m\\\\|\\\d\|\\\\\\
=007  cr\|||||||||||
=008  080326s2010\\\\xxu||||\s||||\10|\0\eng\\
=FMT  \\$a  BK
=040  \\$aUk$beng$cUk
=CNF  \\$aAmerican Psychosocial Oncology Society (Annual conference)$n(7th :$d2010 Feb :$cNew Orleans, LA)
=245  00$aAbstracts of the 7th annual conference of the American Psychosocial Oncology Society, February 18-21, 2010, New Orleans, Louisiana, USA$h[electronic resource].
=260  \\$bWiley,$c2010.
=300  \\$ap. S1-106.
=336  \\$atext$2rdacontent
=337  \\$acomputer$2rdamedia
=338  \\$aonline resource$2rdacarrier
=516  \\$aPDF format.
=538  \\$aMode of access: Internet.
=591  \\$aPapers.
=595  \\$aESTAR title.
=540  \\$aCurrent Copyright Fee: GBP46.00$c35\0$5Uk
=653  1\$aPsychosocial oncology
=653  2\$aAPOS
=773  0\$tPsycho-oncology$gVol. 19 suppl 1 (2010)
=710  2\$aAmerican Psychosocial Oncology Society.
=856  \\$31850-9999$uhttp://onlinelibrary.wiley.com/$xBLDSS
=852  41$aBritish Library$bSTI$jELD Digital store
=852  41$aBritish Library$bDSC$j6946.543200
=945  \\$aPsycho-oncology ; vol 19 suppl 1 2010
=CAT  \\$a6933$b40$c20110706$lBLL01$h1522
=CAT  \\$aBATCH-CLA$b00$c20120928$lBLL01$h1827
=CAT  \\$aBATCH-CLA$b00$c20120930$lBLL01$h1029
=CAT  \\$aBATCH-CLA$b00$c20130508$lBLL01$h0713
=CAT  \\$aBATCH-CLA$b00$c20130602$lBLL01$h0155
=CAT  \\$aBATCH-CLA$b00$c20140125$lBLL01$h1316
=CAT  \\$aBATCH-CLA$c20140225$lBLL01$h2339
=CAT  \\$aBLDSS-3PM$b00$c20141214$lBLL01$h1526
=CAT  \\$aBATCH-UPD$b00$c20150215$lBLL01$h1704
=CAT  \\$aIPL-CLA$c20150228$lBLL01$h2056
=CAT  \\$aBATCH-UPD$b00$c20160519$lBLL01$h1748
=CAT  \\$aBATCH-CLA$b00$c20160520$lBLL01$h0112
=CAT  \\$aBATCH-UPD$b00$c20180219$lBLL01$h1755
=CAT  \\$aBATCH-UPD$b00$c20181121$lBLL01$h1626
=CAT  \\$aBATCH-CLA$b00$c20181122$lBLL01$h0130
=CAT  \\$a7764$b40$c20190122$lBLL01$h1735
=CAT  \\$aBATCH-CLA$b00$c20190123$lBLL01$h0131
=CAT  \\$aBATCH-CLA$b00$c20191128$lBLL01$h0121
=CAT  \\$aIPL-CLA$c20191231$lBLL01$h2028
=CFI  0\$aCurrent Copyright Fee: GBP46.00$c35\0$e01-jan-2020$fGBP46.00$g0$hP$5Uk
=CFI  2\$aPrevious copyright fee: GBP28.00$c35\0$e01-jan-2019$fGBP28.00$g0$hP$5Uk
=FFP  \\$aY$bBLDSS-3PM
=FIN  \\$aY$d20110706
=LKR  \\$aANA$b013345073$lBLL01$nPsycho-oncology$r773$y2010$v19$i1$psn$mAbstracts of the 7th annual conference of the American Psychosocial Oncology Society, February 18-21, 2010, New Orleans, Louisiana, USA
=TCO  \\$aCLA$bCLA$c008
=UNO  \\$aY
=LAS  \\$aIPL-CLA$b00$c20191231$lBLL01$h2028

