=LDR  02700cam a22006737a 4500
=001  015843841
=003  Uk
=005  20221231230650.0
=006  m\\\\|\\\d\|\\\\\\
=007  cr||||||||||||
=008  080326s2011\\\\enk||||\s||||\10|\0\eng\\
=FMT  \\$a  BK
=040  \\$aUk$beng$cUk
=CNF  \\$aEuropean Group for Blood and Marrow Transplantation (Annual meeting)$n(37th :$d2011 Apr :$cParis)
=245  00$aAbstracts of the 37th EBMT (European Group for Blood and Marrow Transplantation)$h[electronic resource].
=260  \\$bNature Publishing Group,$c2011.
=300  \\$ap. S1-477.
=336  \\$atext$2rdacontent
=337  \\$acomputer$2rdamedia
=338  \\$aonline resource$2rdacarrier
=516  \\$aPDF format.
=538  \\$aMode of access: Internet.
=591  \\$aAbstracts.
=595  \\$aESTAR title.
=540  \\$aCurrent copyright fee: GBP34.95$c16\0$5Uk
=653  1\$aBlood
=653  1\$aMarrow transplantation
=653  1\$aEBMT
=710  2\$aEuropean Group for Blood and Marrow Transplantation.
=773  0\$tBONE MARROW TRANSPLANTATION -BASINGSTOKE THEN LONDON-$gVol. 46 suppl. 1 (2011)
=856  \\$31850-9999$uhttp://www.nature.com/$xBLDSS
=852  41$aBritish Library$bHMNTS$jELD Digital store
=852  41$aBritish Library$bDSC$j2247.358000
=945  \\$aBone marrow transplantation -Basingstoke then London-, ISSN 0268-3369 ; vol 46 suppl 1 2011
=CAT  \\$a6933$b40$c20110708$lBLL01$h0933
=CAT  \\$a6933$b40$c20110708$lBLL01$h0934
=CAT  \\$aBATCH-CLA$b00$c20120928$lBLL01$h1835
=CAT  \\$aBATCH-CLA$b00$c20120930$lBLL01$h1044
=CAT  \\$aBATCH-CLA$b00$c20130508$lBLL01$h0730
=CAT  \\$aBATCH-CLA$b00$c20140125$lBLL01$h1310
=CAT  \\$aBLDSS-3PM$b00$c20150111$lBLL01$h1525
=CAT  \\$aBATCH-UPD$b00$c20160603$lBLL01$h1218
=CAT  \\$aBATCH-CLA$b00$c20160604$lBLL01$h0113
=CAT  \\$a10969$b40$c20161011$lBLL01$h1213
=CAT  \\$aBATCH-CLA$b00$c20161012$lBLL01$h0140
=CAT  \\$aBATCH-UPD$b00$c20171121$lBLL01$h1636
=CAT  \\$aIPL-CLA$c20171231$lBLL01$h1808
=CAT  \\$aBATCH-UPD$b00$c20221121$lBLL01$h1331
=CAT  \\$aBATCH-CLA$b00$c20221122$lBLL01$h0204
=CAT  \\$aBATCH-CLA$b00$c20221122$lBLL01$h0242
=CAT  \\$aIPL-CLA$c20221231$lBLL01$h2306
=CFI  0\$aCurrent copyright fee: GBP34.95$c16\0$e01-jan-2023$fGBP34.95$g0$hP$5Uk
=CFI  2\$aPrevious copyright fee: GBP24.00$c16\0$e01-jan-2018$fGBP24.00$g0$hP$5Uk
=FFP  \\$aY$bBLDSS-3PM
=FIN  \\$aY$d20110708
=LKR  \\$aANA$b012432263$lBLL01$nBONE MARROW TRANSPLANTATION$mAbstracts of the 37th EBMT$r773$y2011$v46$i1$psn
=TCO  \\$aCLA$bCLA$c008
=UNO  \\$aY
=LAS  \\$aIPL-CLA$b00$c20221231$lBLL01$h2306

