=LDR  03218cam a22007697a 4500
=001  015844859
=003  Uk
=005  20211231173149.0
=006  m\\\\|\\\d\|\\\\\\
=007  cr\|||||||||||
=008  080326s2010\\\\enk||||\s||||\10|\0\eng\\
=FMT  \\$a  BK
=040  \\$aUk$beng$cUk
=CNF  \\$aBritish HIV Association (Joint conference)$n(2nd :$d2010 Apr :$cManchester)
=245  00$aAbstracts of the second joint conference of the British HIV Association and the British Association for Sexual Health and HIV, 20-23 April 2010, Manchester, UK$h[electronic resource].
=260  \\$bBlackwell,$c2010.
=336  \\$atext$2rdacontent
=337  \\$acomputer$2rdamedia
=338  \\$aonline resource$2rdacarrier
=516  \\$aPDF format.
=538  \\$aMode of access: Internet.
=591  \\$aAbstracts.
=595  \\$aESTAR title.
=540  \\$aCurrent copyright fee: GBP39.00$c35\0$5Uk
=653  1\$aHIV
=653  1\$aSexual health
=773  0\$tHIV medicine$gVol. 11 Suppl. 1 (2010)
=710  2\$aBritish HIV Association.
=710  2\$aBritish Association for Sexual Health and HIV.
=856  \\$31850-9999$uhttp://onlinelibrary.wiley.com/$xBLDSS
=852  41$aBritish Library$bHMNTS$jELD Digital store
=852  41$aBritish Library$bDSC$j4319.045900
=945  \\$aHIV medicine, ISSN 1471-2571 ; vol 11 suppl 1 2010
=CAT  \\$a6933$b40$c20110711$lBLL01$h1156
=CAT  \\$aBATCH-CLA$b00$c20120928$lBLL01$h1822
=CAT  \\$aBATCH-CLA$b00$c20120930$lBLL01$h1021
=CAT  \\$aBATCH-CLA$b00$c20130508$lBLL01$h0659
=CAT  \\$aBATCH-CLA$b00$c20140125$lBLL01$h1250
=CAT  \\$aBATCH-CLA$b00$c20140205$lBLL01$h0050
=CAT  \\$aBATCH-CLA$c20140225$lBLL01$h2339
=CAT  \\$aBLDSS-3PM$b00$c20141214$lBLL01$h1526
=CAT  \\$aBATCH-UPD$b00$c20150215$lBLL01$h1636
=CAT  \\$aIPL-CLA$c20150228$lBLL01$h2056
=CAT  \\$aBATCH-UPD$b00$c20150406$lBLL01$h2023
=CAT  \\$aBATCH-CLA$b00$c20150407$lBLL01$h0040
=CAT  \\$aBATCH-UPD$b00$c20160529$lBLL01$h2358
=CAT  \\$a10969$b40$c20161125$lBLL01$h1610
=CAT  \\$aW1703-0316$c20170306$lBLL01$h1827
=CAT  \\$aW1703-0316$c20170307$lBLL01$h1650
=CAT  \\$aIPL-CLA$c20170307$lBLL01$h1825
=CAT  \\$aBATCH-UPD$b00$c20180219$lBLL01$h1755
=CAT  \\$aBATCH-UPD$b00$c20181121$lBLL01$h1626
=CAT  \\$aBATCH-CLA$b00$c20181122$lBLL01$h0126
=CAT  \\$aBATCH-CLA$b00$c20181122$lBLL01$h0149
=CAT  \\$aIPL-CLA$c20181231$lBLL01$h1551
=CAT  \\$aBATCH-CLA$b00$c20191128$lBLL01$h0121
=CAT  \\$aIPL-CLA$c20191231$lBLL01$h2028
=CAT  \\$aBATCH-CLA$b00$c20211209$lBLL01$h0110
=CAT  \\$aIPL-CLA$c20211231$lBLL01$h1731
=CFI  0\$aCurrent copyright fee: GBP39.00$c35\0$e01-jan-2022$fGBP39.00$g0$hP$5Uk
=CFI  2\$aPrevious Copyright Fee: GBP32.00$c35\0$e01-jan-2020$fGBP32.00$g0$hP$5Uk
=FFP  \\$aY$bBLDSS-3PM
=FIN  \\$aY$d20110711
=LKR  \\$aANA$b012433173$lBLL01$nHIV medicine$r773$y2010$v11$i1$psn$mAbstracts of the second joint conference of the British HIV Association and the British Association for Sexual Health and HIV, 20-23 April 2010, Manchester, UK
=TCO  \\$aCLA$bCLA$c008
=UNO  \\$aY
=LAS  \\$aIPL-CLA$b00$c20211231$lBLL01$h1731

