=LDR  02835cam a22007217a 4500
=001  015857188
=003  Uk
=005  20191231202837.0
=006  m\\\\|\\\d\|\\\\\\
=007  cr||||||||||||
=008  080326s2011\\\\enk||||\s||||\10|\0\eng\\
=FMT  \\$a  BK
=040  \\$aUk$beng$cUk
=CNF  \\$aOptions for the control of influenza (Conference)$d(2010 Sep :$cHong Kong)
=245  00$aOptions for the control of influenza$h[electronic resource].
=260  \\$bBlackwell,$c2011.
=300  \\$ap. 1-446.
=336  \\$atext$2rdacontent
=337  \\$acomputer$2rdamedia
=338  \\$aonline resource$2rdacarrier
=516  \\$aPDF format.
=538  \\$aMode of access: Internet.
=591  \\$aPapers.
=595  \\$aESTAR title.
=540  \\$aCurrent Copyright Fee: zero$c35\0$5Uk
=653  1\$aInfluenza
=773  0\$tInfluenza and other respiratory viruses$gVol. 5 suppl. 1 (2011)
=856  \\$31850-9999$uhttp://onlinelibrary.wiley.com/$xBLDSS
=852  41$aBritish Library$bDSC$j4478.854000
=852  41$aBritish Library$bHMNTS$jELD Digital store
=945  \\$aInfluenza and other respiratory viruses, ISSN 1750-2640 ; vol 5 suppl 1 2011
=CAT  \\$a6933$b40$c20110727$lBLL01$h0902
=CAT  \\$aBATCH-CLA$b00$c20120928$lBLL01$h1840
=CAT  \\$aBATCH-CLA$b00$c20120930$lBLL01$h1053
=CAT  \\$aBATCH-CLA$b00$c20130508$lBLL01$h0742
=CAT  \\$aBATCH-CLA$b00$c20140125$lBLL01$h1320
=CAT  \\$aBATCH-CLA$b00$c20140205$lBLL01$h0050
=CAT  \\$aBATCH-CLA$c20140225$lBLL01$h2339
=CAT  \\$aBLDSS-3PM$b00$c20141214$lBLL01$h1526
=CAT  \\$aBATCH-UPD$b00$c20150215$lBLL01$h1636
=CAT  \\$aIPL-CLA$c20150228$lBLL01$h2056
=CAT  \\$aBATCH-UPD$b00$c20160519$lBLL01$h2059
=CAT  \\$aBATCH-CLA$b00$c20160520$lBLL01$h0112
=CAT  \\$a10969$b40$c20170202$lBLL01$h1735
=CAT  \\$aBATCH-CLA$b00$c20170203$lBLL01$h0115
=CAT  \\$aW1703-0316$c20170306$lBLL01$h1827
=CAT  \\$aW1703-0316$c20170307$lBLL01$h1650
=CAT  \\$aIPL-CLA$c20170307$lBLL01$h1825
=CAT  \\$aBATCH-UPD$b00$c20180219$lBLL01$h1755
=CAT  \\$aBATCH-UPD$b00$c20181121$lBLL01$h1626
=CAT  \\$aBATCH-CLA$b00$c20181122$lBLL01$h0141
=CAT  \\$aBATCH-CLA$b00$c20181122$lBLL01$h0149
=CAT  \\$aIPL-CLA$c20181231$lBLL01$h1551
=CAT  \\$aBATCH-CLA$b00$c20191128$lBLL01$h0121
=CAT  \\$aIPL-CLA$c20191231$lBLL01$h2028
=CFI  0\$aCurrent Copyright Fee: zero$c35\0$e01-jan-2020$fGBP0.00$g0$hP$5Uk
=CFI  2\$aPrevious copyright fee: GBP28.00$c35\0$e01-jan-2019$fGBP28.00$g0$hP$5Uk
=FFP  \\$aY$bBLDSS-3PM
=FIN  \\$aY$d20110727
=LKR  \\$aANA$b013688690$lBLL01$mOptions for the control of influenza$nInfluenza and other respiratory viruses$r773$y2011$v5$i1$psn
=TCO  \\$aCLA$bCLA$c008
=UNO  \\$aY
=LAS  \\$aIPL-CLA$b00$c20191231$lBLL01$h2028

