=LDR  02690cam a22006977a 4500
=001  015894297
=003  Uk
=005  20191231202911.0
=006  m\\\\|\\\d\|\\\\\\
=007  cr\|||||||||||
=008  080326s2010\\\\enk||||\s||||\10|\0\eng\\
=FMT  \\$a  BK
=040  \\$aUk$beng$cUk
=CNF  \\$aInternational congress on obesity$n(11th :$d2010 Jul :$cStockholm)
=245  00$aAbstracts of the 11th international congress on obesity$h[electronic resource].
=260  \\$bBlackwell,$c2010
=300  \\$ap. 1-472.
=336  \\$atext$2rdacontent
=337  \\$acomputer$2rdamedia
=338  \\$aonline resource$2rdacarrier
=516  \\$aPDF format.
=538  \\$aMode of access: Internet.
=591  \\$aAbstracts. Also known as ICO.
=595  \\$aESTAR title.
=540  \\$aCurrent Copyright Fee: GBP46.00$c35\0$5Uk
=653  1\$aObesity
=653  1\$aICO
=773  0\$tObesity reviews$gVol. 11 suppl. 1 (2010)
=856  \\$31850-9999$uhttp://onlinelibrary.wiley.com/$xBLDSS
=852  41$aBritish Library$bHMNTS$jELD Digital store
=852  41$aBritish Library$bDSC$j6196.952700
=945  \\$aObesity reviews, ISSN 1467-7881 ; vol 11 suppl 1 2010
=CAT  \\$a6933$b40$c20110920$lBLL01$h1615
=CAT  \\$aBATCH-CLA$b00$c20120928$lBLL01$h1835
=CAT  \\$aBATCH-CLA$b00$c20120930$lBLL01$h1044
=CAT  \\$aBATCH-CLA$b00$c20130508$lBLL01$h0730
=CAT  \\$aBATCH-CLA$b00$c20140125$lBLL01$h1315
=CAT  \\$aBATCH-CLA$c20140225$lBLL01$h2340
=CAT  \\$aBLDSS-3PM$b00$c20141214$lBLL01$h1526
=CAT  \\$aBATCH-UPD$b00$c20150215$lBLL01$h1637
=CAT  \\$aIPL-CLA$c20150228$lBLL01$h2056
=CAT  \\$aBATCH-UPD$b00$c20160519$lBLL01$h2218
=CAT  \\$aBATCH-CLA$b00$c20160520$lBLL01$h0112
=CAT  \\$aW1703-0316$c20170306$lBLL01$h1827
=CAT  \\$aW1703-0316$c20170307$lBLL01$h1650
=CAT  \\$aIPL-CLA$c20170307$lBLL01$h1825
=CAT  \\$aBATCH-UPD$b00$c20180219$lBLL01$h1755
=CAT  \\$aBATCH-UPD$b00$c20181121$lBLL01$h1626
=CAT  \\$aBATCH-CLA$b00$c20181122$lBLL01$h0137
=CAT  \\$a7764$b40$c20190128$lBLL01$h1650
=CAT  \\$aBATCH-CLA$b00$c20190129$lBLL01$h0104
=CAT  \\$aBATCH-CLA$b00$c20191128$lBLL01$h0121
=CAT  \\$aIPL-CLA$c20191231$lBLL01$h2029
=CFI  0\$aCurrent Copyright Fee: GBP46.00$c35\0$e01-jan-2020$fGBP46.00$g0$hP$5Uk
=CFI  2\$aPrevious copyright fee: GBP28.00$c35\0$e01-jan-2019$fGBP28.00$g0$hP$5Uk
=FFP  \\$aY$bBLDSS-3PM
=FIN  \\$aY$d20110920
=LKR  \\$aANA$b012434594$lBLL01$nObesity reviews$r773$y2010$v11$i1$psn$mAbstracts of the 11th international congress on obesity
=TCO  \\$aCLA$bCLA$c008
=UNO  \\$aY
=LAS  \\$aIPL-CLA$b00$c20191231$lBLL01$h2029

