=LDR  03012cam a22007577a 4500
=001  015902121
=003  Uk
=005  20211231173206.0
=006  m\\\\|\\\d\|\\\\\\
=007  cr\|||||||||||
=008  111003s2008\\\\enk\\\\\s\\\\\100\0\eng\\
=FMT  \\$a  BK
=040  \\$aUk$beng$cUk
=CNF  \\$aEuropean congress of clinical microbiology and infectious diseases$n(18th :$d2008 Apr :$cBarcelona, Spain)
=245  00$aAbstracts of the 18th ECCMID$h[electronic resource].
=260  \\$bBlackwell,$c2008.
=300  \\$ap. S1-S759.
=336  \\$atext$2rdacontent
=337  \\$acomputer$2rdamedia
=338  \\$aonline resource$2rdacarrier
=516  \\$aPDF format.
=538  \\$aMode of access: Internet.
=591  \\$aAbstracts.
=595  \\$aESTAR title.
=540  \\$aCurrent copyright fee: GBP34.30$c5\1$5Uk
=653  1\$aClinical microbiology
=653  1\$aInfectious diseases
=653  1\$aECCMID
=773  0\$tClinical microbiology and infection$gVol. 14 suppl. 7 (Apr. 2008)
=856  \\$31850-9999$uhttp://onlinelibrary.wiley.com/$xBLDSS
=852  41$aBritish Library$bSTI$jELD Digital store
=852  41$aBritish Library$bDSC$j3286.305520
=945  \\$aClinical microbiology and infection, ISSN 1198-743X ; vol 14 suppl 7 2008
=CAT  \\$a6933$b40$c20111003$lBLL01$h0856
=CAT  \\$a6933$b40$c20111003$lBLL01$h0859
=CAT  \\$aBATCH-CLA$b00$c20120928$lBLL01$h1839
=CAT  \\$aBATCH-CLA$b00$c20120930$lBLL01$h1050
=CAT  \\$aBATCH-CLA$b00$c20130508$lBLL01$h0738
=CAT  \\$aBATCH-CLA$b00$c20130718$lBLL01$h0045
=CAT  \\$a10934$b40$c20131209$lBLL01$h1049
=CAT  \\$aBATCH-CLA$b00$c20140125$lBLL01$h1313
=CAT  \\$aBATCH-CLA$b00$c20140205$lBLL01$h0050
=CAT  \\$aBATCH-CLA$c20140225$lBLL01$h2340
=CAT  \\$aBATCH-CLA$b00$c20141212$lBLL01$h0121
=CAT  \\$aBLDSS-3PM$b00$c20141214$lBLL01$h1526
=CAT  \\$aIPL-CLA$c20141231$lBLL01$h1702
=CAT  \\$aBATCH-CLA$b00$c20150307$lBLL01$h0038
=CAT  \\$aBATCH-UPD$b00$c20160529$lBLL01$h2357
=CAT  \\$a10969$b40$c20161104$lBLL01$h1614
=CAT  \\$aBATCH-UPD$b40$c20171121$lBLL01$h1753
=CAT  \\$aIPL-CLA$c20171231$lBLL01$h1810
=CAT  \\$aBATCH-UPD$b00$c20190521$lBLL01$h1444
=CAT  \\$aBATCH-CLA$b00$c20190522$lBLL01$h0226
=CAT  \\$aBATCH-CLA$b00$c20190522$lBLL01$h0242
=CAT  \\$aIPL-CLA$c20190630$lBLL01$h1545
=CAT  \\$aBATCH-UPD$b00$c20211119$lBLL01$h1601
=CAT  \\$aBATCH-CLA$b00$c20211120$lBLL01$h0200
=CAT  \\$aBATCH-CLA$b00$c20211120$lBLL01$h0215
=CAT  \\$aIPL-CLA$c20211231$lBLL01$h1732
=CFI  0\$aCurrent copyright fee: GBP34.30$c5\1$e01-jan-2022$fGBP34.30$g0$hP$5Uk
=CFI  2\$aPrevious copyright fee: GBP32.84$c5\1$e01-jul-2019$fGBP32.84$g0$hP$5Uk
=FFP  \\$aY$bBLDSS-3PM
=FIN  \\$aY$d20111003
=LKR  \\$aANA$b012432441$lBLL01$r773$y2008$v14$i7$psn$nClinical microbiology and infection$mAbstracts of the 18th ECCMID
=TCO  \\$aCLA$bCLA$c008
=LAS  \\$aIPL-CLA$b00$c20211231$lBLL01$h1732

