=LDR  03136caa a22007697a 4500
=001  015967396
=003  Uk
=005  20211231173213.0
=006  m\\\\|\\\d\|\\\\\\
=007  cr\|||||||||||
=008  111111s2010\\\\enk\\\\\s\\\\\100\0\eng\\
=FMT  \\$a  BK
=040  \\$aUk$beng$cUk
=CNF  \\$aSociety for Academic Emergency Medicine (Annual meeting)$d(2010 Jun :$cPhoenix, AZ)
=245  00$a2010 Society for Academic Emergency Medicine (SAEM) annual meeting abstracts$h[electronic resource].
=260  \\$bBlackwell,$c2010.
=300  \\$ap. s1-s205.
=336  \\$atext$2rdacontent
=337  \\$acomputer$2rdamedia
=338  \\$aonline resource$2rdacarrier
=516  \\$aPDF format.
=538  \\$aMode of access: Internet.
=591  \\$aAbstracts.
=595  \\$aESTAR title.
=540  \\$aCurrent copyright fee: GBP39.00$c35\0$5Uk
=653  1\$aAcademic emergency medicine
=653  1\$aEmergency medicine
=773  0\$tAcademic emergency medicine [electronic resource]$gVol. 17 suppl. 1 (May 2010)
=710  2\$aSociety for Academic Emergency Medicine.
=856  \\$31850-9999$uhttp://onlinelibrary.wiley.com/$xBLDSS
=852  41$aBritish Library$bHMNTS$jELD Digital store
=852  41$aBritish Library$bDSC$j0570.511250
=945  \\$aAcademic emergency medicine, ISSN 1069-6563 ; vol 17 suppl 1 2010
=CAT  \\$a6933$b40$c20111111$lBLL01$h1559
=CAT  \\$a6933$b40$c20111111$lBLL01$h1600
=CAT  \\$aBATCH-CLA$b00$c20120928$lBLL01$h1828
=CAT  \\$aBATCH-CLA$b00$c20120930$lBLL01$h1031
=CAT  \\$aBATCH-CLA$b00$c20130508$lBLL01$h0715
=CAT  \\$aBATCH-CLA$b00$c20140125$lBLL01$h1320
=CAT  \\$aBATCH-CLA$c20140225$lBLL01$h2340
=CAT  \\$aBLDSS-3PM$b00$c20141214$lBLL01$h1526
=CAT  \\$aBATCH-UPD$b00$c20150215$lBLL01$h1637
=CAT  \\$aIPL-CLA$c20150228$lBLL01$h2056
=CAT  \\$aBATCH-UPD$b00$c20160519$lBLL01$h1917
=CAT  \\$aBATCH-CLA$b00$c20160520$lBLL01$h0112
=CAT  \\$a10969$b40$c20170207$lBLL01$h1431
=CAT  \\$aBATCH-CLA$b00$c20170208$lBLL01$h0147
=CAT  \\$aW1703-0316$c20170306$lBLL01$h1827
=CAT  \\$aW1703-0316$c20170307$lBLL01$h1650
=CAT  \\$aIPL-CLA$c20170307$lBLL01$h1825
=CAT  \\$aBATCH-UPD$b00$c20180219$lBLL01$h1755
=CAT  \\$aBATCH-UPD$b00$c20181121$lBLL01$h1626
=CAT  \\$aBATCH-CLA$b00$c20181122$lBLL01$h0130
=CAT  \\$aBATCH-CLA$b00$c20181122$lBLL01$h0149
=CAT  \\$aIPL-CLA$c20181231$lBLL01$h1551
=CAT  \\$aBATCH-CLA$b00$c20191128$lBLL01$h0121
=CAT  \\$aIPL-CLA$c20191231$lBLL01$h2029
=CAT  \\$aBATCH-CLA$b00$c20211209$lBLL01$h0110
=CAT  \\$aIPL-CLA$c20211231$lBLL01$h1732
=CFI  0\$aCurrent copyright fee: GBP39.00$c35\0$e01-jan-2022$fGBP39.00$g0$hP$5Uk
=CFI  2\$aPrevious Copyright Fee: GBP32.00$c35\0$e01-jan-2020$fGBP32.00$g0$hP$5Uk
=FFP  \\$aY$bBLDSS-3PM
=FIN  \\$aY$d20111111
=LKR  \\$aANA$b014577183$lBLL01$nAcademic emergency medicine$m2010 Society for Academic Emergency Medicine (SAEM) annual meeting abstracts$r773$y2010$v17$i1$psn
=TCO  \\$aTRS$bCCC$c008
=UNO  \\$aY
=LAS  \\$aIPL-CLA$b00$c20211231$lBLL01$h1732

