=LDR  03433cam a22008057a 4500
=001  015973105
=003  Uk
=005  20221231231021.0
=006  m\\\\|\\\d\|\\\\\\
=007  cr\|||||||||||
=008  111122s2008\\\\enk\\\\\o\\\\\100\0\eng\\
=FMT  \\$a  BK
=040  \\$aUk$beng$cUk
=CNF  \\$aInternational Association for Vehicle System Dynamics (Symposium)$n(20th :$d2007 Aug :$cBerkeley, CA)
=245  00$aProceedings of the 19th symposium of the International Association for Vehicle System Dynamics$h[electronic resource].
=260  \\$bTaylor & Francis,$c2008.
=300  \\$ap. 1-1075.
=336  \\$atext$2rdacontent
=337  \\$acomputer$2rdamedia
=338  \\$aonline resource$2rdacarrier
=500  \\$aTitle from title screen.
=516  \\$aPDF format.
=538  \\$aMode of access: Internet.
=591  \\$aPapers.
=595  \\$aESTAR title.
=540  \\$aCurrent copyright fee: GBP43.00$c2\0$5Uk
=653  1\$aVehicle system dynamics
=653  2\$aIAVSD
=773  0\$tVehicle system dynamics$gVol. 46 suppl. 1 (2008)
=710  2\$aInternational Association for Vehicle System Dynamics.
=856  \\$31850-9999$uhttp://www.tandfonline.com/$xBLDSS
=852  41$aBritish Library$bHMNTS$jELD Digital store
=852  41$aBritish Library$bDSC$j9153.670000
=945  \\$aVehicle system dynamics ; vol 46 suppl 1 2008
=CAT  \\$a6933$b40$c20111122$lBLL01$h0901
=CAT  \\$aBATCH-CLA$b00$c20160305$lBLL01$h0121
=CAT  \\$aIPL-CLA$c20160331$lBLL01$h1806
=CAT  \\$aBATCH-UPD$b00$c20160720$lBLL01$h2239
=CAT  \\$aBATCH-CLA$b00$c20160721$lBLL01$h0113
=CAT  \\$aBATCH-UPD$b00$c20161122$lBLL01$h1506
=CAT  \\$aIPL-CLA$c20161230$lBLL01$h2358
=CAT  \\$a10969$b40$c20170111$lBLL01$h1449
=CAT  \\$aBATCH-UPD$b40$c20171121$lBLL01$h1656
=CAT  \\$aIPL-CLA$c20171231$lBLL01$h1810
=CAT  \\$aBATCH-UPD$b00$c20181217$lBLL01$h1645
=CAT  \\$aBATCH-CLA$b00$c20181218$lBLL01$h0123
=CAT  \\$aBATCH-CLA$b00$c20181218$lBLL01$h0139
=CAT  \\$aIPL-CLA$c20181231$lBLL01$h1551
=CAT  \\$aBATCH-UPD$b00$c20191122$lBLL01$h1907
=CAT  \\$aBATCH-CLA$b00$c20191123$lBLL01$h0122
=CAT  \\$aBATCH-CLA$b00$c20191123$lBLL01$h0130
=CAT  \\$aIPL-CLA$c20191231$lBLL01$h2029
=CAT  \\$aBATCH-UPD$b00$c20201118$lBLL01$h1341
=CAT  \\$aBATCH-CLA$b00$c20201119$lBLL01$h0129
=CAT  \\$aBATCH-CLA$b00$c20201119$lBLL01$h0143
=CAT  \\$aIPL-CLA$c20201231$lBLL01$h2330
=CAT  \\$aBATCH-UPD$b00$c20221121$lBLL01$h1340
=CAT  \\$aBATCH-CLA$b00$c20221122$lBLL01$h0208
=CAT  \\$aBATCH-CLA$b00$c20221122$lBLL01$h0243
=CAT  \\$aIPL-CLA$c20221231$lBLL01$h2310
=CFI  0\$aCurrent copyright fee: GBP43.00$c2\0$e01-jan-2023$fGBP43.00$g0$hP$5Uk
=CFI  2\$aPrevious copyright fee: GBP41.00$c2\0$e01-jan-2021$fGBP41.00$g0$hP$5Uk
=FFP  \\$aY$bBLDSS-3PM
=FIN  \\$aY$d20111122
=LKR  \\$aANA$b013363978$lBLL01$nVehicle system dynamics$r773$y2008$v46$i1$psn$mProceedings of the 19th symposium of the International Association for Vehicle System Dynamics
=TCO  \\$aNLD$bSTICHTING REPRORECHT$c008
=ACF  \\$aPrevious copyright fee: GBP27.50$c2\0$e01-jan-2013$fGBP27.50$g0$hP$5Uk
=ACF  \\$aPrevious copyright fee: GBP28.00$c2\0$e01-jan-2014$fGBP28.00$g0$hP$5Uk
=ACF  \\$aPrevious copyright fee: GBP31.00$c2\0$e01-apr-2016$fGBP31.00$g0$hP$5Uk
=LAS  \\$aIPL-CLA$b00$c20221231$lBLL01$h2310

