=LDR  02879cam a22007217a 4500
=001  015975904
=003  Uk
=005  20111124122033.0
=006  m\\\\|\\\d\|\\\\\\
=007  co\|||||||||||
=008  080326s2011\\\\xxu||||\o||||\10|\0\eng\\
=FMT  \\$a  BK
=040  \\$aUk$beng$cUk
=CNF  \\$aAmerican Urological Association (Annual meeting)$d(2011 May :$cWashington, DC)
=245  00$aAbstracts of the American Urological Association annual meeting, May 14-19, 2011 (Washington, DC)$h[electronic resource].
=260  \\$bElsevier Science,$c2011.
=300  \\$ap. e1-e938.
=336  \\$atext$2rdacontent
=337  \\$acomputer$2rdamedia
=338  \\$acomputer disc$2rdacarrier
=516  \\$aPDF format.
=538  \\$aMode of access: Internet.
=591  \\$aAbstracts.
=595  \\$aESTAR title.
=540  \\$aCurrent copyright fee: GBP39.00$c20\0$5Uk
=653  1\$aUrological
=653  2\$aAUA
=710  2\$aAmerican Urological Association.
=773  0\$tJournal of urology$gVol. 185 no. 4 suppl. (Apr. 2011)
=856  \\$31850-9999$uhttp://journals.lww.com/pages/default.aspx$xBLDSS
=852  \\$aBritish Library$bDSC$j5071.900000
=852  41$aBritish Library$bHMNTS$jELD Digital store
=945  \\$aJournal of urology, ISSN 0022-5347 ; vol 185 no 4 suppl 2011
=CAT  \\$a6933$b40$c20111124$lBLL01$h1210
=CAT  \\$a6933$b40$c20111124$lBLL01$h1220
=CAT  \\$aBATCH-CLA$b00$c20120928$lBLL01$h1830
=CAT  \\$aBATCH-CLA$b00$c20120930$lBLL01$h1034
=CAT  \\$aBATCH-UPD$b00$c20121121$lBLL01$h1700
=CAT  \\$aIPL-CLA$c20121231$lBLL01$h1334
=CAT  \\$aIPL-CLA$c20130102$lBLL01$h1813
=CAT  \\$aBATCH-CLA$b00$c20130508$lBLL01$h0719
=CAT  \\$aBATCH-CLA$b00$c20140125$lBLL01$h1302
=CAT  \\$aBATCH-CLA$c20140225$lBLL01$h2340
=CAT  \\$aBLDSS-3PM$b00$c20141222$lBLL01$h1720
=CAT  \\$aBATCH-UPD$b00$c20160531$lBLL01$h1520
=CAT  \\$aBATCH-CLA$b00$c20160601$lBLL01$h0130
=CAT  \\$aBATCH-UPD$b00$c20171121$lBLL01$h1753
=CAT  \\$aIPL-CLA$c20171231$lBLL01$h1810
=CAT  \\$aBATCH-CLA$b00$c20181017$lBLL01$h0152
=CAT  \\$aIPL-CLA$c20181231$lBLL01$h1551
=CAT  \\$aDEL-3PM$c20190115$lBLL01$h1428
=CAT  \\$aBATCH-CLA$b00$c20190116$lBLL01$h0140
=CAT  \\$aBATCH-CLA$b00$c20190129$lBLL01$h0110
=CAT  \\$aBLDSS-3PM$b00$c20190206$lBLL01$h0827
=CAT  \\$aBATCH-UPD$b00$c20190206$lBLL01$h0829
=CAT  \\$aBATCH-CLA$b00$c20190207$lBLL01$h0104
=CFI  0\$aCurrent copyright fee: GBP39.00$c20\0$e28-jan-2019$fGBP39.00$g0$hP$5Uk
=FFP  \\$aY$bBLDSS-3PM
=FIN  \\$aY$d20111124
=LKR  \\$aANA$b013458300$lBLL01$nThe journal of urology$r773$y2011$v185$i4$pS$mAbstracts of the American Urological Association Annual Meeting, May 14-19, 2011 (Washington, DC)
=TCO  \\$aTRS$bCCC$c008
=UNO  \\$aY
=LAS  \\$aBATCH-CLA$b00$c20190207$lBLL01$h0104

