=LDR  02657cam a22006377a 4500
=001  015976884
=003  Uk
=005  20230105010334.0
=006  m\\\\|\\\d\|\\\\\\
=007  cr\|||||||||||
=008  080326s2011\\\\xxu||||\o||||\10|\0\eng\\
=FMT  \\$a  BK
=040  \\$aUk$beng$cUk
=CNF  \\$aUnited States and Canadian Academy of Pathology (Annual meeting)$d(2011 Mar :$cSan Antonio, TX)
=245  00$aAbstracts of the annual meeting of the United States and Canadian Academy of Pathology$h[electronic resource].
=260  \\$bUnited States and Canadian Academy of Pathology,$c2011.
=300  \\$ap. 1A-461A.
=336  \\$atext$2rdacontent
=337  \\$acomputer$2rdamedia
=338  \\$aonline resource$2rdacarrier
=516  \\$aPDF format.
=538  \\$aMode of access: Internet.
=591  \\$aAbstracts.
=595  \\$aESTAR title.
=540  \\$aCurrent copyright fee: GBP34.30$c5\1$5Uk
=653  1\$aPathology
=710  2\$aUnited States and Canadian Academy of Pathology.
=773  0\$tLaboratory investigation [electronic resource]$gVol. 91 suppl. 1 (Feb. 2011)
=856  \\$31850-9999$uhttp://www.nature.com/$xBLDSS
=852  41$aBritish Library$bDSC$j5140.000000
=852  41$aBritish Library$bHMNTS$jELD Digital store
=945  \\$aLaboratory investigation, ISSN 0023-6837 ; vol 91 suppl 1 2011
=CAT  \\$a6933$b40$c20111128$lBLL01$h0908
=CAT  \\$a6933$b40$c20111128$lBLL01$h0911
=CAT  \\$aBATCH-CLA$b00$c20120928$lBLL01$h1839
=CAT  \\$aBATCH-CLA$b00$c20120930$lBLL01$h1052
=CAT  \\$aBATCH-CLA$b00$c20130508$lBLL01$h0740
=CAT  \\$aBATCH-CLA$b00$c20140125$lBLL01$h1315
=CAT  \\$aBATCH-CLA$c20140225$lBLL01$h2340
=CAT  \\$aBLDSS-3PM$b00$c20150111$lBLL01$h1525
=CAT  \\$aBATCH-UPD$b00$c20160531$lBLL01$h0931
=CAT  \\$aBATCH-CLA$b00$c20160601$lBLL01$h0130
=CAT  \\$a10969$b40$c20161222$lBLL01$h1446
=CAT  \\$aBATCH-CLA$b00$c20161223$lBLL01$h0126
=CAT  \\$aBATCH-UPD$b00$c20171121$lBLL01$h1636
=CAT  \\$aIPL-CLA$c20171231$lBLL01$h1810
=CAT  \\$aBATCH-CLA$b00$c20221110$lBLL01$h0104
=CAT  \\$aIPL-CLA$c20221231$lBLL01$h2310
=CAT  \\$aBATCH-UNOD$c20230104$lBLL01$h0009
=CAT  \\$aBATCH-CLA$b00$c20230105$lBLL01$h0103
=CFI  0\$aCurrent copyright fee: GBP34.30$c5\1$e01-jan-2023$fGBP34.30$g0$hP$5Uk
=FFP  \\$aY$bBLDSS-3PM
=FIN  \\$aY$d20111128
=LKR  \\$aANA$b012434246$lBLL01$nLaboratory investigation [electronic resource]$r773$y2011$v91$i1$psn$mAbstracts of the annual meeting of the United States and Canadian Academy of Pathology
=TCO  \\$aTRS$bCCC$c008
=LAS  \\$aBATCH-CLA$b00$c20230105$lBLL01$h0103

