=LDR  03078cam a22007817a 4500
=001  015984732
=003  Uk
=005  20211231173216.0
=006  m\\\\|\\\d\|\\\\\\
=007  cr\|||||||||||
=008  080326s2011\\\\enk||||\o||||\10|\0\eng\\
=FMT  \\$a  BK
=040  \\$aUk$beng$cUk
=CNF  \\$aThe Group of Anaesthetists in Training (Annual meeting)$d(2011 Jul :$cLeeds)
=245  00$aAnnual Meeting of the Group of Anaesthetists in Training (GAT) in Leeds, July 2011$h[electronic resource].
=260  \\$bWiley-Blackwell,$c2011.
=300  \\$ap. 1061-1078.
=336  \\$atext$2rdacontent
=337  \\$acomputer$2rdamedia
=338  \\$aonline resource$2rdacarrier
=516  \\$aPDF format.
=538  \\$aMode of access: Internet.
=591  \\$aAbstracts.
=595  \\$aESTAR title.
=540  \\$aCurrent copyright fee: GBP46.00$c35\0$5Uk
=653  1\$aAnaesthetists
=653  1\$aTraining
=653  1\$aGAT
=773  0\$tAnaesthesia$gVol. 66 no. 11 (Nov. 2011)
=710  2\$aGroup of Anaesthetists in Training.
=856  \\$31850-9999$uhttp://onlinelibrary.wiley.com/$xBLDSS
=852  41$aBritish Library$bHMNTS$jELD Digital store
=852  41$aBritish Library$bDSC$j0859.900000
=945  \\$aAnaesthesia -London-, ISSN 0003-2409 ; vol 66 no 11 2011
=CAT  \\$a6933$b40$c20111205$lBLL01$h1002
=CAT  \\$aBATCH-CLA$b00$c20120928$lBLL01$h1830
=CAT  \\$aBATCH-CLA$b00$c20120930$lBLL01$h1035
=CAT  \\$aBATCH-CLA$b00$c20130508$lBLL01$h0720
=CAT  \\$aBATCH-CLA$b00$c20140125$lBLL01$h1303
=CAT  \\$aBATCH-CLA$b00$c20140205$lBLL01$h0050
=CAT  \\$aBATCH-CLA$c20140225$lBLL01$h2340
=CAT  \\$a11279$b40$c20140820$lBLL01$h1447
=CAT  \\$aBATCH-CLA$b00$c20140821$lBLL01$h0035
=CAT  \\$aBLDSS-3PM$b00$c20141214$lBLL01$h1526
=CAT  \\$aBATCH-UPD$b00$c20150215$lBLL01$h1637
=CAT  \\$aIPL-CLA$c20150228$lBLL01$h2056
=CAT  \\$aBATCH-UPD$b00$c20160526$lBLL01$h1918
=CAT  \\$aBATCH-CLA$b00$c20160527$lBLL01$h0110
=CAT  \\$aW1703-0316$c20170306$lBLL01$h1827
=CAT  \\$aW1703-0316$c20170307$lBLL01$h1650
=CAT  \\$aIPL-CLA$c20170307$lBLL01$h1825
=CAT  \\$aBATCH-UPD$b00$c20180219$lBLL01$h1755
=CAT  \\$aBATCH-UPD$b00$c20181121$lBLL01$h1626
=CAT  \\$aBATCH-CLA$b00$c20181122$lBLL01$h0133
=CAT  \\$aBATCH-CLA$b00$c20181122$lBLL01$h0149
=CAT  \\$aIPL-CLA$c20181231$lBLL01$h1551
=CAT  \\$aBATCH-CLA$b00$c20191128$lBLL01$h0121
=CAT  \\$aIPL-CLA$c20191231$lBLL01$h2029
=CAT  \\$aBATCH-CLA$b00$c20211210$lBLL01$h0108
=CAT  \\$aIPL-CLA$c20211231$lBLL01$h1732
=CFI  0\$aCurrent copyright fee: GBP46.00$c35\0$e01-jan-2022$fGBP46.00$g0$hP$5Uk
=CFI  2\$aPrevious Copyright Fee: GBP32.00$c35\0$e01-jan-2020$fGBP32.00$g0$hP$5Uk
=FFP  \\$aY$bBLDSS-3PM
=FIN  \\$aY$d20111205
=LKR  \\$aANA$b012431995$lBLL01$nAnaesthesia$r773$y2011$v66$i11$mAnnual Meeting of the Group of Anaesthetists in Training (GAT) in Leeds, July 2011
=TCO  \\$aCLA$bCLA$c008
=UNO  \\$aY
=LAS  \\$aIPL-CLA$b00$c20211231$lBLL01$h1732

