=LDR  02843caa a22006737a 4500
=001  016006697
=003  Uk
=005  20191231203020.0
=008  120112s2006\\\\enk\\\\\o\\\\\100\0\eng\\
=FMT  \\$a  BK
=040  \\$aUk$beng$cUk
=CNF  \\$aAmerican Psychosocial Oncology Society (Annual conference)$n(3rd :$d2006 Feb :$cAmelia Island, FL)
=245  00$aAbstracts of the American Psychosocial Oncology Society (APOS) 3rd annual conference, Amelia Island, Florida, USA, 16-19 February 2006$h[electronic resource].
=260  \\$bWiley,$c2006.
=300  \\$ap. S1-90.
=516  \\$aPDF format.
=538  \\$aMode of access: Internet.
=591  \\$aAbstracts.
=595  \\$aESTAR title.
=540  \\$aCurrent Copyright Fee: GBP46.00$c35\0$5Uk
=653  1\$aPsychosocial oncology
=653  2\$aAPOS
=773  0\$tPsycho-oncology$gVol. 19 suppl 1 (2010)
=710  2\$aAmerican Psychosocial Oncology Society.
=856  \\$31850-9999$uhttp://onlinelibrary.wiley.com/$xBLDSS
=852  41$aBritish Library$bSTI$jELD Digital store
=852  41$aBritish Library$bDSC$j6946.543200
=945  \\$aPsycho-oncology ; vol 15 suppl 1 2006
=CAT  \\$a6933$b40$c20120112$lBLL01$h1428
=CAT  \\$a6933$b40$c20120112$lBLL01$h1431
=CAT  \\$aBATCH-CLA$b00$c20120928$lBLL01$h1827
=CAT  \\$aBATCH-CLA$b00$c20120930$lBLL01$h1029
=CAT  \\$aBATCH-CLA$b00$c20130508$lBLL01$h0713
=CAT  \\$aBATCH-CLA$b00$c20130602$lBLL01$h0155
=CAT  \\$aBATCH-CLA$b00$c20140125$lBLL01$h1316
=CAT  \\$aBATCH-CLA$c20140225$lBLL01$h2340
=CAT  \\$aBLDSS-3PM$b00$c20141214$lBLL01$h1526
=CAT  \\$aBATCH-UPD$b00$c20150215$lBLL01$h1705
=CAT  \\$aIPL-CLA$c20150228$lBLL01$h2056
=CAT  \\$aWR14_185$c20160214$lBLL01$h1233
=CAT  \\$aBATCH-CLA$b00$c20160215$lBLL01$h0120
=CAT  \\$aBATCH-UPD$b00$c20160519$lBLL01$h1749
=CAT  \\$a10969$b40$c20170104$lBLL01$h1800
=CAT  \\$aBATCH-CLA$b00$c20170105$lBLL01$h0114
=CAT  \\$aBATCH-UPD$b00$c20180219$lBLL01$h1755
=CAT  \\$aBATCH-UPD$b00$c20181121$lBLL01$h1626
=CAT  \\$aBATCH-CLA$b00$c20181122$lBLL01$h0130
=CAT  \\$aBATCH-CLA$b00$c20181122$lBLL01$h0149
=CAT  \\$aIPL-CLA$c20181231$lBLL01$h1551
=CAT  \\$aBATCH-CLA$b00$c20191128$lBLL01$h0121
=CAT  \\$aIPL-CLA$c20191231$lBLL01$h2030
=CFI  0\$aCurrent Copyright Fee: GBP46.00$c35\0$e01-jan-2020$fGBP46.00$g0$hP$5Uk
=CFI  2\$aPrevious copyright fee: GBP28.00$c35\0$e01-jan-2019$fGBP28.00$g0$hP$5Uk
=FFP  \\$aY$bBLDSS-3PM
=FIN  \\$aY$d20110706
=LKR  \\$aANA$b013345073$lBLL01$nPsycho-oncology$r773$y2006$v15$i1$psn$mAbstracts of the American Psychosocial Oncology Society (APOS) 3rd annual conference, Amelia Island, Florida, USA, 16-19 February 2006
=TCO  \\$aCLA$bCLA$c008
=UNO  \\$aY
=LAS  \\$aIPL-CLA$b00$c20191231$lBLL01$h2030

