=LDR  02840caa a22007097a 4500
=001  016032070
=003  Uk
=005  20211231173226.0
=006  m\\\\||\\d\|\\\\\\
=007  cr\|||||||||||
=008  120215s2011\\\\enk\\\\\o\\\\|1|0\0|eng\\
=FMT  \\$a  BK
=040  \\$aUk$beng$cUk
=CNF  \\$aEuropean Burns Association (Annual congress)$n(14th :$d2011 Sep :$cThe Hague, The Netherlands)
=245  00$aEuropean Burns Association 14th annual congress$h[electronic resource].
=260  \\$bElsevier Science,$c2011.
=300  \\$a1 online resource (p. S1-S29)
=336  \\$atext$2rdacontent
=337  \\$acomputer$2rdamedia
=338  \\$aonline resource$2rdacarrier
=591  \\$aPapers and programme.
=595  \\$aESTAR title.
=540  \\$aCurrent copyright fee: GBP34.30$c5\1$5Uk
=653  1\$aBurns
=710  2\$aEuropean Burns Association.
=773  0\$tBurns$gVol. 37 suppl. 1 (2011)
=856  \\$31850-9999$uhttp://www.elsevier.com/journals$xBLDSS
=852  41$aBritish Library$bHMNTS$jELD Digital store
=852  41$aBritish Library$bDSC$j2931.728000
=945  \\$aBurns -Oxford-, ISSN 0305-4179 ; vol 37 suppl 1 2011
=CAT  \\$a6933$b40$c20120215$lBLL01$h1434
=CAT  \\$aBATCH-CLA$b00$c20120928$lBLL01$h1837
=CAT  \\$aBATCH-CLA$b00$c20120930$lBLL01$h1047
=CAT  \\$aBATCH-UPD$b00$c20121121$lBLL01$h1700
=CAT  \\$aIPL-CLA$c20121231$lBLL01$h1335
=CAT  \\$aIPL-CLA$c20130102$lBLL01$h1815
=CAT  \\$aBATCH-CLA$b00$c20130508$lBLL01$h0734
=CAT  \\$aBATCH-CLA$b00$c20140125$lBLL01$h1311
=CAT  \\$aBATCH-CLA$b00$c20140202$lBLL01$h0149
=CAT  \\$aBATCH-CLA$c20140225$lBLL01$h2340
=CAT  \\$aBLDSS-3PM$b00$c20141222$lBLL01$h1720
=CAT  \\$aBATCH-UPD$b00$c20160615$lBLL01$h0733
=CAT  \\$aBATCH-CLA$b00$c20160616$lBLL01$h0139
=CAT  \\$a10969$b40$c20161011$lBLL01$h1339
=CAT  \\$aBATCH-CLA$b00$c20161012$lBLL01$h0140
=CAT  \\$aBATCH-UPD$b00$c20171121$lBLL01$h1754
=CAT  \\$aIPL-CLA$c20171231$lBLL01$h1812
=CAT  \\$aBATCH-UPD$b00$c20190521$lBLL01$h1445
=CAT  \\$aBATCH-CLA$b00$c20190522$lBLL01$h0224
=CAT  \\$aBATCH-CLA$b00$c20190522$lBLL01$h0242
=CAT  \\$aIPL-CLA$c20190630$lBLL01$h1546
=CAT  \\$aBATCH-UPD$b00$c20211119$lBLL01$h1601
=CAT  \\$aBATCH-CLA$b00$c20211120$lBLL01$h0158
=CAT  \\$aBATCH-CLA$b00$c20211120$lBLL01$h0215
=CAT  \\$aIPL-CLA$c20211231$lBLL01$h1732
=CFI  0\$aCurrent copyright fee: GBP34.30$c5\1$e01-jan-2022$fGBP34.30$g0$hP$5Uk
=CFI  2\$aPrevious copyright fee: GBP32.84$c5\1$e01-jul-2019$fGBP32.84$g0$hP$5Uk
=FFP  \\$aY$bBLDSS-3PM
=FIN  \\$aY$d20120215
=LKR  \\$aANA$b012432314$lBLL01$nBurns$mEuropean Burns Association 14th annual congress$r773$y2011$v37$i1$psn
=TCO  \\$aCLA$bCLA$c008
=LAS  \\$aIPL-CLA$b00$c20211231$lBLL01$h1732

