=LDR  02859caa a22007097a 4500
=001  016032100
=003  Uk
=005  20191231203042.0
=006  m\\\\||\\d\|\\\\\\
=007  cr\|||||||||||
=008  120215s2011\\\\enk\\\\\o\\\\|1|0\0|eng\\
=FMT  \\$a  BK
=040  \\$aUk$beng$cUk
=CNF  \\$aDiabetes UK (Annual professional conference)$d(2011 Mar :$cLondon)
=245  00$aAbstracts of Diabetes UK annual professional conference 2011$h[electronic resource].
=260  \\$bBlackwell,$c2011.
=300  \\$a1 online resource (p. 1-214)
=336  \\$atext$2rdacontent
=337  \\$acomputer$2rdamedia
=338  \\$aonline resource$2rdacarrier
=591  \\$aAbstracts.
=595  \\$aESTAR title.
=540  \\$aCurrent Copyright Fee: GBP46.00$c35\0$5Uk
=653  1\$aDiabetes
=773  0\$tDiabetic medicine -Chichester-$gVol. 28 suppl. 1 (2011)
=856  \\$31850-9999$uhttp://onlinelibrary.wiley.com/$xBLDSS
=852  41$aBritish Library$bHMNTS$jELD Digital store
=852  41$aBritish Library$bDSC$j3579.606000
=945  \\$aDiabetic medicine -Chichester-, ISSN 0742-3071 ; vol 28 suppl 1 2011
=CAT  \\$a6933$b40$c20120215$lBLL01$h1459
=CAT  \\$a6933$b40$c20120215$lBLL01$h1502
=CAT  \\$aBATCH-CLA$b00$c20120928$lBLL01$h1822
=CAT  \\$aBATCH-CLA$b00$c20120930$lBLL01$h1021
=CAT  \\$aBATCH-CLA$b00$c20130508$lBLL01$h0701
=CAT  \\$aBATCH-CLA$b00$c20140125$lBLL01$h1250
=CAT  \\$aBATCH-CLA$b00$c20140205$lBLL01$h0050
=CAT  \\$aBATCH-CLA$c20140225$lBLL01$h2340
=CAT  \\$aBLDSS-3PM$b00$c20141214$lBLL01$h1527
=CAT  \\$aBATCH-UPD$b00$c20150215$lBLL01$h1637
=CAT  \\$aIPL-CLA$c20150228$lBLL01$h2057
=CAT  \\$aBATCH-UPD$b00$c20160523$lBLL01$h0745
=CAT  \\$aBATCH-CLA$b00$c20160524$lBLL01$h0109
=CAT  \\$a10969$b40$c20161108$lBLL01$h1553
=CAT  \\$aBATCH-CLA$b00$c20161109$lBLL01$h0137
=CAT  \\$aW1703-0316$c20170306$lBLL01$h1827
=CAT  \\$aW1703-0316$c20170307$lBLL01$h1650
=CAT  \\$aIPL-CLA$c20170307$lBLL01$h1825
=CAT  \\$aBATCH-UPD$b00$c20180219$lBLL01$h1755
=CAT  \\$aBATCH-UPD$b00$c20181121$lBLL01$h1626
=CAT  \\$aBATCH-CLA$b00$c20181122$lBLL01$h0126
=CAT  \\$aBATCH-CLA$b00$c20181122$lBLL01$h0149
=CAT  \\$aIPL-CLA$c20181231$lBLL01$h1551
=CAT  \\$aBATCH-CLA$b00$c20191128$lBLL01$h0121
=CAT  \\$aIPL-CLA$c20191231$lBLL01$h2030
=CFI  0\$aCurrent Copyright Fee: GBP46.00$c35\0$e01-jan-2020$fGBP46.00$g0$hP$5Uk
=CFI  2\$aPrevious copyright fee: GBP28.00$c35\0$e01-jan-2019$fGBP28.00$g0$hP$5Uk
=FFP  \\$aY$bBLDSS-3PM
=FIN  \\$aY$d20120215
=LKR  \\$aANA$b012432683$lBLL01$nDiabetic medicine -Chichester-$mAbstracts of Diabetes UK annual professional conference 2011$r773$y2011$v28$i1$psn
=TCO  \\$aCLA$bCLA$c008
=UNO  \\$aY
=LAS  \\$aIPL-CLA$b00$c20191231$lBLL01$h2030

