=LDR  02686caa a22006737a 4500
=001  016032255
=003  Uk
=005  20211231173226.0
=006  m\\\\||\\d\|\\\\\\
=007  cr\|||||||||||
=008  120216s2011\\\\ne\\\\\\o\\\\|1|0\0|eng\\
=FMT  \\$a  BK
=040  \\$aUk$beng$cUk
=CNF  \\$aHeart UK (Annual conference)$n(25th :$d2011 Jul :$cCoventry)
=245  00$aHeart UK 25th annual conference 2011$h[electronic resource].
=260  \\$bElsevier,$c2011.
=300  \\$a1 online resource (p. e1-e12)
=336  \\$atext$2rdacontent
=337  \\$acomputer$2rdamedia
=338  \\$aonline resource$2rdacarrier
=591  \\$aAbstracts.
=595  \\$aESTAR title.
=540  \\$aCurrent copyright fee: GBP34.30$c5\1$5Uk
=653  1\$aHeart
=773  0\$tATHEROSCLEROSIS -AMSTERDAM-$gVol. 218 no. 2 (2011)
=856  \\$31850-9999$uhttp://www.elsevier.com/journals$xBLDSS
=852  41$aBritish Library$bDSC$j1765.874000
=852  41$aBritish Library$bHMNTS$jELD Digital store
=945  \\$aAtherosclerosis -Amsterdam-, ISSN 0021-9150 ; vol 218 no 2 2011
=CAT  \\$a6933$b40$c20120216$lBLL01$h0840
=CAT  \\$aBATCH-CLA$b00$c20120928$lBLL01$h1833
=CAT  \\$aBATCH-CLA$b00$c20120930$lBLL01$h1040
=CAT  \\$aBATCH-UPD$b00$c20121121$lBLL01$h1700
=CAT  \\$aIPL-CLA$c20121231$lBLL01$h1335
=CAT  \\$aIPL-CLA$c20130102$lBLL01$h1815
=CAT  \\$aBATCH-CLA$b00$c20130508$lBLL01$h0725
=CAT  \\$aBATCH-CLA$b00$c20140125$lBLL01$h1306
=CAT  \\$aBATCH-CLA$b00$c20140202$lBLL01$h0149
=CAT  \\$aBATCH-CLA$c20140225$lBLL01$h2340
=CAT  \\$aBLDSS-3PM$b00$c20141222$lBLL01$h1720
=CAT  \\$aBATCH-UPD$b00$c20160518$lBLL01$h1352
=CAT  \\$aBATCH-CLA$b00$c20160519$lBLL01$h0110
=CAT  \\$aBATCH-UPD$b00$c20171121$lBLL01$h1754
=CAT  \\$aIPL-CLA$c20171231$lBLL01$h1812
=CAT  \\$aBATCH-UPD$b00$c20190521$lBLL01$h1445
=CAT  \\$aBATCH-CLA$b00$c20190522$lBLL01$h0220
=CAT  \\$aBATCH-CLA$b00$c20190522$lBLL01$h0242
=CAT  \\$aIPL-CLA$c20190630$lBLL01$h1546
=CAT  \\$aBATCH-UPD$b00$c20211119$lBLL01$h1601
=CAT  \\$aBATCH-CLA$b00$c20211120$lBLL01$h0153
=CAT  \\$aBATCH-CLA$b00$c20211120$lBLL01$h0215
=CAT  \\$aIPL-CLA$c20211231$lBLL01$h1732
=CFI  0\$aCurrent copyright fee: GBP34.30$c5\1$e01-jan-2022$fGBP34.30$g0$hP$5Uk
=CFI  2\$aPrevious copyright fee: GBP32.84$c5\1$e01-jul-2019$fGBP32.84$g0$hP$5Uk
=FFP  \\$aY$bBLDSS-3PM
=FIN  \\$aY$d20120216
=LKR  \\$aANA$b012432149$lBLL01$nATHEROSCLEROSIS -AMSTERDAM-$mHeart UK 25th annual conference 2011$r773$y2011$v218$i2
=TCO  \\$aNLD$bSTICHTING REPRORECHT$c008
=LAS  \\$aIPL-CLA$b00$c20211231$lBLL01$h1732

