=LDR  02674caa a22006497a 4500
=001  016032819
=003  Uk
=005  20211231173226.0
=006  m\\\\||\\d\|\\\\\\
=007  cr\|||||||||||
=008  120217s2011\\\\xxu\\\\\o\\\\|1|0\0|eng\\
=FMT  \\$a  BK
=040  \\$aUk$beng$cUk
=CNF  \\$aInternational congress of Parkinson's disease and movement disorders$n(15th :$d2011 Jun :$cToronto, Canada)
=245  00$aAbstracts of the MDS 15th international congress of Parkinson's disease and movement disorders$h[electronic resource].
=260  \\$bWiley,$c2011.
=300  \\$a1 online resource (p. S1-S414)
=336  \\$atext$2rdacontent
=337  \\$acomputer$2rdamedia
=338  \\$aonline resource$2rdacarrier
=591  \\$aAbstracts.
=595  \\$aESTAR title.
=540  \\$aCurrent copyright fee: GBP39.00$c35\0$5Uk
=653  1\$aParkinson's disease
=653  1\$aMovement disorders
=773  0\$tMovement disorders$gVol. 26 suppl. 2 (May 2011)
=856  \\$31850-9999$uhttp://onlinelibrary.wiley.com/$xBLDSS
=852  41$aBritish Library$bHMNTS$jELD Digital store
=852  41$aBritish Library$bDSC$j5980.317200
=945  \\$aMovement disorders -New York- ; vol 26 suppl 2 2011
=CAT  \\$a6933$b40$c20120217$lBLL01$h1139
=CAT  \\$aBATCH-CLA$b00$c20120928$lBLL01$h1839
=CAT  \\$aBATCH-CLA$b00$c20120930$lBLL01$h1051
=CAT  \\$aBATCH-CLA$b00$c20130508$lBLL01$h0739
=CAT  \\$aBATCH-CLA$b00$c20140125$lBLL01$h1317
=CAT  \\$aBATCH-CLA$c20140225$lBLL01$h2340
=CAT  \\$aBLDSS-3PM$b00$c20141214$lBLL01$h1527
=CAT  \\$aBATCH-UPD$b00$c20150215$lBLL01$h1705
=CAT  \\$aIPL-CLA$c20150228$lBLL01$h2057
=CAT  \\$aBATCH-UPD$b00$c20160526$lBLL01$h1825
=CAT  \\$aBATCH-UPD$b00$c20180219$lBLL01$h1755
=CAT  \\$aBATCH-UPD$b00$c20181121$lBLL01$h1626
=CAT  \\$aBATCH-CLA$b00$c20181122$lBLL01$h0139
=CAT  \\$a12500$b40$c20190208$lBLL01$h1627
=CAT  \\$aBATCH-CLA$b00$c20190209$lBLL01$h0107
=CAT  \\$aBATCH-CLA$b00$c20191128$lBLL01$h0121
=CAT  \\$aIPL-CLA$c20191231$lBLL01$h2030
=CAT  \\$aBATCH-CLA$b00$c20211209$lBLL01$h0110
=CAT  \\$aIPL-CLA$c20211231$lBLL01$h1732
=CFI  0\$aCurrent copyright fee: GBP39.00$c35\0$e01-jan-2022$fGBP39.00$g0$hP$5Uk
=CFI  2\$aPrevious Copyright Fee: GBP32.00$c35\0$e01-jan-2020$fGBP32.00$g0$hP$5Uk
=FFP  \\$aY$bBLDSS-3PM
=FIN  \\$aY$d20120217
=LKR  \\$aANA$b013345959$lBLL01$nMovement disorders$r773$y2011$v26$i2$psn$mAbstracts of the MDS 15th international congress of Parkinson's disease and movement disorders
=TCO  \\$aTRS$bCCC$c008
=UNO  \\$aY
=LAS  \\$aIPL-CLA$b00$c20211231$lBLL01$h1732

