=LDR  02452caa a22005897a 4500
=001  016038197
=003  Uk
=005  20160803105331.0
=006  m\\\\||\\d\|\\\\\\
=007  cr\|||||||||||
=008  120228s2010\\\\xxu\\\\\o\\\\|1|0\0|eng\\
=FMT  \\$a  BK
=040  \\$aUk$beng$cUk
=CNF  \\$aAmerican College of Gastroenterology (Annual scientific meeting)$d(2010 Oct :$cSan Antonio, TX)
=245  00$aAbstracts of ACG 2010, American College of Gastroenterology annual scientific meeting$h[electronic resource].
=260  \\$bAmerican College of Gastroenterology,$c2010.
=300  \\$a1 online resource (p. S1-S571)
=336  \\$atext$2rdacontent
=337  \\$acomputer$2rdamedia
=338  \\$aonline resource$2rdacarrier
=591  \\$aAbstracts.
=595  \\$aESTAR title.
=540  \\$aCurrent copyright fee: GBP39.00$c20\0$5Uk
=653  1\$aGastroenterology
=710  2\$aAmerican College of Gastroenterology.
=773  0\$tAMERICAN JOURNAL OF GASTROENTEROLOGY$gVol. 105 suppl. 1 (2010)
=856  \\$31850-9999$uhttp://www.nature.com/$xBLDSS
=852  41$aBritish Library$bHMNTS$jELD Digital store
=852  41$aBritish Library$bDSC$j0824.650000
=945  \\$aAmerican journal of gastroenterology, ISSN 0002-9270 ; vol 105 suppl 1 2010
=CAT  \\$a6933$b40$c20120228$lBLL01$h0926
=CAT  \\$aBATCH-CLA$b00$c20120928$lBLL01$h1830
=CAT  \\$aBATCH-CLA$b00$c20120930$lBLL01$h1035
=CAT  \\$aBATCH-CLA$b00$c20130508$lBLL01$h0720
=CAT  \\$aBATCH-CLA$b00$c20140125$lBLL01$h1303
=CAT  \\$aBLDSS-3PM$b00$c20150111$lBLL01$h1525
=CAT  \\$aBATCH-UPD$b00$c20160606$lBLL01$h1235
=CAT  \\$aBATCH-CLA$b00$c20160607$lBLL01$h0108
=CAT  \\$a10969$b40$c20160803$lBLL01$h1053
=CAT  \\$aBATCH-CLA$b00$c20160804$lBLL01$h0113
=CAT  \\$aBATCH-UPD$b00$c20171121$lBLL01$h1636
=CAT  \\$aIPL-CLA$c20171231$lBLL01$h1812
=CAT  \\$aBATCH-CLA$b00$c20181128$lBLL01$h0141
=CAT  \\$aIPL-CLA$c20181231$lBLL01$h1552
=CAT  \\$aBATCH-CLA$b00$c20190129$lBLL01$h0110
=CFI  0\$aCurrent copyright fee: GBP39.00$c20\0$e28-jan-2019$fGBP39.00$g0$hP$5Uk
=FFP  \\$aY$bBLDSS-3PM
=FIN  \\$aY$d20120228
=LKR  \\$aANA$b012431977$lBLL01$nAMERICAN JOURNAL OF GASTROENTEROLOGY$r773$y2010$v105$i1$psn$mAbstracts of ACG 2010, American College of Gastroenterology annual scientific meeting
=TCO  \\$aTRS$bCCC$c008
=UNO  \\$aY
=LAS  \\$aBATCH-CLA$b00$c20190129$lBLL01$h0110

