=LDR  03073caa a22006977a 4500
=001  016046680
=003  Uk
=005  20221231231259.0
=006  m\\\\||\\d\|\\\\\\
=007  cr\|||||||||||
=008  120308s2010\\\\xxu\\\\\o\\\\|1|0\0|eng\\
=FMT  \\$a  BK
=040  \\$aUk$beng$cUk
=CNF  \\$aAmerican Society for Clinical Pharmacology and Therapeutics (Annual meeting)$d(2010 Mar :$cAtlanta, GA)
=245  00$aAbstracts of the 2010 annual meeting of the American Society for Clinical Pharmacology and Therapeutics$h[electronic resource].
=260  \\$bAmerican Society for Clinical Pharmacology and Therapeutics,$c2010.
=300  \\$a1 online resource (p. S1-S121)
=336  \\$atext$2rdacontent
=337  \\$acomputer$2rdamedia
=338  \\$aonline resource$2rdacarrier
=591  \\$aAbstracts.
=595  \\$aESTAR title.
=540  \\$aCurrent Copyright Fee: GBP39.00$c35\0$5Uk
=653  1\$aClinical pharmacology
=653  1\$aTherapeutics
=710  2\$aAmerican Society for Clinical Pharmacology and Therapeutics.
=773  0\$tClinical pharmacology and therapeutics$gVol. 87 suppl. 1 (Feb. 2010)
=856  \\$31850-9999$uhttp://www.nature.com/$xBLDSS
=852  41$aBritish Library$bSTI$jELD Digital store
=852  41$aBritish Library$bDSC$j3286.330000
=945  \\$aClinical pharmacology and therapeutics -St Louis-, ISSN 0009-9236 ; vol 87 suppl 1 2010
=CAT  \\$a6933$b40$c20120308$lBLL01$h1735
=CAT  \\$aBATCH-CLA$b00$c20120928$lBLL01$h1839
=CAT  \\$aBATCH-CLA$b00$c20120930$lBLL01$h1050
=CAT  \\$aBATCH-CLA$b00$c20130508$lBLL01$h0738
=CAT  \\$aBATCH-CLA$b00$c20140125$lBLL01$h1313
=CAT  \\$aBATCH-CLA$b00$c20141212$lBLL01$h0121
=CAT  \\$aIPL-CLA$c20141231$lBLL01$h1703
=CAT  \\$aBLDSS-3PM$b00$c20150111$lBLL01$h1525
=CAT  \\$aBATCH-UPD$b00$c20150215$lBLL01$h1705
=CAT  \\$aIPL-CLA$c20150228$lBLL01$h2057
=CAT  \\$aBATCH-UPD$b00$c20160524$lBLL01$h2149
=CAT  \\$aBATCH-UPD$b00$c20160524$lBLL01$h2156
=CAT  \\$aBATCH-UPD$b00$c20180219$lBLL01$h1755
=CAT  \\$aBATCH-UPD$b00$c20181121$lBLL01$h1626
=CAT  \\$aBATCH-CLA$b00$c20181122$lBLL01$h0139
=CAT  \\$a12500$b40$c20190208$lBLL01$h1735
=CAT  \\$aBATCH-CLA$b00$c20190209$lBLL01$h0107
=CAT  \\$aBATCH-CLA$b00$c20191128$lBLL01$h0121
=CAT  \\$aIPL-CLA$c20191231$lBLL01$h2030
=CAT  \\$aBATCH-CLA$b00$c20221229$lBLL01$h0105
=CAT  \\$aIPL-CLA$c20221231$lBLL01$h2312
=CFI  0\$aCurrent Copyright Fee: GBP39.00$c35\0$e01-jan-2023$fGBP39.00$g0$hP$5Uk
=CFI  2\$aPrevious Copyright Fee: GBP32.00$c35\0$e01-jan-2020$fGBP32.00$g0$hP$5Uk
=FFP  \\$aY$bBLDSS-3PM
=FIN  \\$aY$d20120308
=LKR  \\$aANA$b012432450$lBLL01$nClinical pharmacology and therapeutics$mAbstracts of the 2010 annual meeting of the American Society for Clinical Pharmacology and Therapeutics$r773$y2010$v87$i1$psn
=TCO  \\$aTRS$bCCC$c008
=UNO  \\$aY
=ACF  \\$aPrevious copyright fee: GBP22.00$c16\0$e01-oct-2010$fGBP22.00$g0$hP$5Uk
=LAS  \\$aIPL-CLA$b00$c20221231$lBLL01$h2312

