=LDR  02792caa a22007097a 4500
=001  016047639
=003  Uk
=005  20230427011308.0
=006  m\\\\||\\d\|\\\\\\
=007  cr\|||||||||||
=008  120312s2011\\\\xxu\\\\\o\\\\|1|0\0|eng\\
=FMT  \\$a  BK
=040  \\$aUk$beng$cUk
=CNF  \\$aSexual health (World congress)$n(20th :$d2011 Jun :$cGlasgow)
=245  00$aProceedings from the 20th World congress of sexual health$h[electronic resource].
=260  \\$bBlackwell,$c2011.
=300  \\$a1 online resource (p. 79-299)
=336  \\$atext$2rdacontent
=337  \\$acomputer$2rdamedia
=338  \\$aonline resource$2rdacarrier
=591  \\$aPapers.
=595  \\$aESTAR title.
=540  \\$aCurrent Copyright Fee: GBP32.00$c29\0$5Uk
=653  1\$aSexual health
=773  0\$tJournal of sexual medicine$gVol. 8 suppl. 3 (June 2011)
=856  \\$31850-9999$uhttp://onlinelibrary.wiley.com/$xBLDSS
=852  \\$aBritish Library$bDSC$j5064.060000
=852  41$aBritish Library$bHMNTS$jELD Digital store
=945  \\$aJournal of sexual medicine ; vol 8 suppl 3 2011
=CAT  \\$a6933$b40$c20120312$lBLL01$h1426
=CAT  \\$aBATCH-UPD$b00$c20150215$lBLL01$h1637
=CAT  \\$aIPL-CLA$c20150228$lBLL01$h2057
=CAT  \\$a10969$b40$c20151207$lBLL01$h1700
=CAT  \\$aBATCH-CLA$b00$c20151208$lBLL01$h0128
=CAT  \\$aBATCH-CLA$b00$c20151212$lBLL01$h0130
=CAT  \\$aBATCH-UPD$b00$c20160530$lBLL01$h0001
=CAT  \\$aBATCH-CLA$b00$c20160531$lBLL01$h0107
=CAT  \\$aBATCH-UPD$b00$c20171121$lBLL01$h1754
=CAT  \\$aIPL-CLA$c20171231$lBLL01$h1812
=CAT  \\$aBATCH-UPD$b00$c20190521$lBLL01$h1445
=CAT  \\$aBATCH-CLA$b00$c20190522$lBLL01$h0227
=CAT  \\$aBATCH-CLA$b00$c20190522$lBLL01$h0242
=CAT  \\$aIPL-CLA$c20190630$lBLL01$h1546
=CAT  \\$aBATCH-UPD$b00$c20211119$lBLL01$h1601
=CAT  \\$aBATCH-CLA$b00$c20211120$lBLL01$h0201
=CAT  \\$aBATCH-CLA$b00$c20211120$lBLL01$h0215
=CAT  \\$aIPL-CLA$c20211231$lBLL01$h1732
=CAT  \\$aBATCH-CLA$b00$c20230324$lBLL01$h0116
=CAT  \\$aIPL-CLA$c20230331$lBLL01$h1707
=CAT  \\$aBATCH-UNOA$c20230405$lBLL01$h0021
=CAT  \\$aBATCH-CLA$b00$c20230406$lBLL01$h0105
=CAT  \\$aS2304-0519$c20230412$lBLL01$h1140
=CAT  \\$aBATCH-CLA$b00$c20230413$lBLL01$h0111
=CAT  \\$aBATCH-SUPP$c20230426$lBLL01$h1110
=CAT  \\$aBATCH-CLA$b00$c20230427$lBLL01$h0113
=CFI  0\$aCurrent Copyright Fee: GBP32.00$c29\0$e01-apr-2023$fGBP32.00$g0$hP$5Uk
=FFP  \\$aY$bBLDSS-3PM
=FIN  \\$aY$d20120312
=LKR  \\$aANA$b013132521$lBLL01$nJournal of sexual medicine$r773$y2011$v8$i3$psn$mProceedings from the 20th World congress of sexual health
=TCO  \\$aTRS$bCCC$c008
=UNO  \\$aY
=LAS  \\$aBATCH-CLA$b00$c20230427$lBLL01$h0113

