=LDR  03408caa a22007937a 4500
=001  016051268
=003  Uk
=005  20230427011005.0
=006  m\\\\||\\d\|\\\\\\
=007  cr\|||||||||||
=008  120315s2010\\\\enk\\\\\o\\\\|1|0\0|eng\\
=FMT  \\$a  BK
=040  \\$aUk$beng$cUk
=CNF  \\$aBritish Society for Rheumatology (Annual meeting)$d(2010 Apr :$cBirmingham)
=245  00$aBritish Society for Rheumatology and British Health Professionals in Rheumatology annual meeting 2010, Birmingham UK, April 21-23, 2010$h[electronic resource] :$brheumatology BSR and BHPR conference abstracts.
=260  \\$bOxford University Press,$c2010.
=300  \\$a1 online resource (p. i1-i169)
=336  \\$atext$2rdacontent
=337  \\$acomputer$2rdamedia
=338  \\$aonline resource$2rdacarrier
=591  \\$aAbstracts.
=595  \\$aESTAR title.
=540  \\$aCurrent Copyright Fee: GBP42.00$c29\0$5Uk
=653  1\$aRheumatology
=653  1\$aHealth professionals
=653  1\$aBSR
=653  1\$aBHPR
=700  1\$aBritish Society for Rheumatology.
=700  1\$aBritish Health Professionals in Rheumatology.
=773  0\$tRheumatology$gVol. 49, suppl. 1 (Apr. 2010)
=856  \\$31850-9999$uhttp://ukcatalogue.oup.com/$xBLDSS
=852  41$aBritish Library$bHMNTS$jELD Digital store
=852  41$aBritish Library$bDSC$j7960.731900
=945  \\$aRheumatology -London- British Society for Rheumatology, ISSN 1462-0324 ; vol 49 suppl 1 2010
=CAT  \\$a6933$b40$c20120315$lBLL01$h1236
=CAT  \\$aBATCH-UPD$b00$c20161122$lBLL01$h1522
=CAT  \\$a10969$b40$c20161222$lBLL01$h1606
=CAT  \\$aBATCH-CLA$b00$c20161223$lBLL01$h0124
=CAT  \\$aIPL-CLA$c20161231$lBLL01$h0001
=CAT  \\$aBATCH-UPD$b00$c20171121$lBLL01$h1705
=CAT  \\$aIPL-CLA$c20171231$lBLL01$h1812
=CAT  \\$aBATCH-UPD$b00$c20181217$lBLL01$h1653
=CAT  \\$aBATCH-CLA$b00$c20181218$lBLL01$h0118
=CAT  \\$aBATCH-CLA$b00$c20181218$lBLL01$h0139
=CAT  \\$aIPL-CLA$c20181231$lBLL01$h1552
=CAT  \\$aBATCH-CLA$b00$c20191207$lBLL01$h0108
=CAT  \\$aIPL-CLA$c20191231$lBLL01$h2031
=CAT  \\$aBATCH-UPD$b00$c20220308$lBLL01$h1728
=CAT  \\$aBATCH-CLA$b00$c20220309$lBLL01$h0138
=CAT  \\$aBATCH-CLA$b00$c20220309$lBLL01$h0145
=CAT  \\$aIPL-CLA$c20220331$lBLL01$h2317
=CAT  \\$aBATCH-CLA$b00$c20230315$lBLL01$h0143
=CAT  \\$aBATCH-CLA$b00$c20230323$lBLL01$h0112
=CAT  \\$aBATCH-CLA$b00$c20230324$lBLL01$h0110
=CAT  \\$aBATCH-CLA$b00$c20230324$lBLL01$h0116
=CAT  \\$aIPL-CLA$c20230331$lBLL01$h1707
=CAT  \\$aS2304-0519$c20230412$lBLL01$h1140
=CAT  \\$aBATCH-CLA$b00$c20230413$lBLL01$h0109
=CAT  \\$aBATCH-SUPP$c20230426$lBLL01$h1110
=CAT  \\$aBATCH-CLA$b00$c20230427$lBLL01$h0110
=CFI  0\$aCurrent Copyright Fee: GBP42.00$c29\0$e01-apr-2023$fGBP42.00$g0$hP$5Uk
=FFP  \\$aY$bBLDSS-3PM
=FIN  \\$aY$d20120315
=LKR  \\$aANA$b012434971$lBLL01$nRheumatology$mBritish Society for Rheumatology and British Health Professionals in Rheumatology annual meeting 2010, Birmingham UK, April 21-23, 2010$r773$y2010$v49$i1$psn
=TCO  \\$aCLA$bCLA$c008
=UNO  \\$aY
=ACF  \\$aPrevious copyright fee: GBP20.00$c29\0$e01-jan-2013$fGBP20.00$g0$hP$5Uk
=ACF  \\$aPrevious copyright fee: GBP24.00$c29\0$e01-jan-2016$fGBP24.00$g0$hP$5Uk
=LAS  \\$aBATCH-CLA$b00$c20230427$lBLL01$h0110

