=LDR  03073caa a22007817a 4500
=001  016051326
=003  Uk
=005  20211231173231.0
=006  m\\\\||\\d\|\\\\\\
=007  cr\|||||||||||
=008  120315s2009\\\\at\\\\\\o\\\\|1|0\0|eng\\
=FMT  \\$a  BK
=040  \\$aUk$beng$cUk
=CNF  \\$aAustralian Rheumatology Association (Annual scientific meeting)$d(2009 May)
=245  00$aARA-RHPA conference 2009$h[electronic resource].
=260  \\$bBlackwell Asia,$c2009.
=300  \\$a1 online resource (p. A35-A81)
=336  \\$atext$2rdacontent
=337  \\$acomputer$2rdamedia
=338  \\$aonline resource$2rdacarrier
=591  \\$aAbstracts.
=595  \\$aESTAR title.
=540  \\$aCurrent copyright fee: GBP39.00$c35\0$5Uk
=653  1\$aRheumatology
=653  1\$aHealth professionals
=653  1\$aARA
=653  1\$aRHPA
=710  2\$aAustralian Rheumatology Association.
=710  2\$aRheumatology Health Professionals Association.
=773  0\$tINTERNAL MEDICINE JOURNAL$gVol. 39, suppl. 2 (May 2009)
=856  \\$31850-9999$uhttp://onlinelibrary.wiley.com/$xBLDSS
=852  41$aBritish Library$bHMNTS$jELD Digital store
=852  41$aBritish Library$bDSC$j4534.905200
=945  \\$aInternal medicine journal, ISSN 1444-0903 ; vol 39 suppl 2 2009
=CAT  \\$a6933$b40$c20120315$lBLL01$h1442
=CAT  \\$a6933$b40$c20120316$lBLL01$h1138
=CAT  \\$aBATCH-CLA$b00$c20120928$lBLL01$h1831
=CAT  \\$aBATCH-CLA$b00$c20120930$lBLL01$h1037
=CAT  \\$aBATCH-CLA$b00$c20130508$lBLL01$h0722
=CAT  \\$aBATCH-CLA$b00$c20140125$lBLL01$h1304
=CAT  \\$aBATCH-CLA$b00$c20140205$lBLL01$h0050
=CAT  \\$aBATCH-CLA$c20140225$lBLL01$h2340
=CAT  \\$aBLDSS-3PM$b00$c20141214$lBLL01$h1527
=CAT  \\$aBATCH-UPD$b00$c20150215$lBLL01$h1637
=CAT  \\$aIPL-CLA$c20150228$lBLL01$h2057
=CAT  \\$aBATCH-UPD$b00$c20160519$lBLL01$h2054
=CAT  \\$a10969$b40$c20161124$lBLL01$h1601
=CAT  \\$aW1703-0316$c20170306$lBLL01$h1827
=CAT  \\$aW1703-0316$c20170307$lBLL01$h1650
=CAT  \\$aIPL-CLA$c20170307$lBLL01$h1825
=CAT  \\$aBATCH-UPD$b00$c20180219$lBLL01$h1755
=CAT  \\$aBATCH-UPD$b00$c20181121$lBLL01$h1626
=CAT  \\$aBATCH-CLA$b00$c20181122$lBLL01$h0134
=CAT  \\$aBATCH-CLA$b00$c20181122$lBLL01$h0149
=CAT  \\$aIPL-CLA$c20181231$lBLL01$h1552
=CAT  \\$aBATCH-CLA$b00$c20191128$lBLL01$h0121
=CAT  \\$aIPL-CLA$c20191231$lBLL01$h2031
=CAT  \\$aBATCH-CLA$b00$c20211209$lBLL01$h0110
=CAT  \\$aIPL-CLA$c20211231$lBLL01$h1732
=CFI  0\$aCurrent copyright fee: GBP39.00$c35\0$e01-jan-2022$fGBP39.00$g0$hP$5Uk
=CFI  2\$aPrevious Copyright Fee: GBP32.00$c35\0$e01-jan-2020$fGBP32.00$g0$hP$5Uk
=FFP  \\$aY$bBLDSS-3PM
=FIN  \\$aY$d20120315
=LKR  \\$aANA$b012433400$lBLL01$nINTERNAL MEDICINE JOURNAL$mARA-RHPA conference 2009$r773$y2009$v39$i2$psn
=TCO  \\$aAUS$bCAL$c008
=UNO  \\$aY
=ACF  \\$aPrevious copyright fee: GBP22.00$c10\0$e01-jan-2006$fGBP22.00$g0$hP$5Uk
=LAS  \\$aIPL-CLA$b00$c20211231$lBLL01$h1732

