=LDR  02589caa a22006617a 4500
=001  016052928
=003  Uk
=005  20191231203105.0
=006  m\\\\||\\d\|\\\\\\
=007  cr\|||||||||||
=008  120320s2011\\\\enk\\\\\o\\\\|1|0\0|eng\\
=FMT  \\$a  BK
=040  \\$aUk$beng$cUk
=CNF  \\$aPsycho-oncology (World congress)$n(13th :$d2011 Oct :$cAntalya, Turkey)
=245  00$aAbstracts of the IPOS 13th world congress of psycho-oncology$h[electronic resource].
=260  \\$bBlackwell,$c2011.
=300  \\$a1 online resource (p. 1 -308)
=336  \\$atext$2rdacontent
=337  \\$acomputer$2rdamedia
=338  \\$aonline resource$2rdacarrier
=591  \\$aAbstracts.
=595  \\$aESTAR title.
=540  \\$aCurrent Copyright Fee: GBP46.00$c35\0$5Uk
=653  1\$aPsycho-oncology
=653  1\$aIPOS
=710  2\$aInternational Psycho-Oncology Society.
=773  0\$tPsycho-oncology$gVol. 20 suppl. 2 (Oct. 2011)
=856  \\$31850-9999$uhttp://onlinelibrary.wiley.com/$xBLDSS
=852  41$aBritish Library$bSTI$jELD Digital store
=852  41$aBritish Library$bDSC$j6946.543200
=945  \\$aPsychooncology ; vol 20 suppl 2 2011
=CAT  \\$a6933$b40$c20120320$lBLL01$h1628
=CAT  \\$a6933$b40$c20120320$lBLL01$h1629
=CAT  \\$aBATCH-CLA$b00$c20120928$lBLL01$h1827
=CAT  \\$aBATCH-CLA$b00$c20120930$lBLL01$h1029
=CAT  \\$aBATCH-CLA$b00$c20130508$lBLL01$h0713
=CAT  \\$aBATCH-CLA$b00$c20130602$lBLL01$h0156
=CAT  \\$aBATCH-CLA$b00$c20140125$lBLL01$h1316
=CAT  \\$aBATCH-CLA$c20140225$lBLL01$h2340
=CAT  \\$aBLDSS-3PM$b00$c20141214$lBLL01$h1527
=CAT  \\$aBATCH-UPD$b00$c20150215$lBLL01$h1705
=CAT  \\$aIPL-CLA$c20150228$lBLL01$h2057
=CAT  \\$aBATCH-UPD$b00$c20160519$lBLL01$h1748
=CAT  \\$aBATCH-UPD$b00$c20180219$lBLL01$h1755
=CAT  \\$aBATCH-UPD$b00$c20181121$lBLL01$h1626
=CAT  \\$aBATCH-CLA$b00$c20181122$lBLL01$h0130
=CAT  \\$a12500$b40$c20190208$lBLL01$h1708
=CAT  \\$aBATCH-CLA$b00$c20190209$lBLL01$h0107
=CAT  \\$aBATCH-CLA$b00$c20191128$lBLL01$h0121
=CAT  \\$aIPL-CLA$c20191231$lBLL01$h2031
=CFI  0\$aCurrent Copyright Fee: GBP46.00$c35\0$e01-jan-2020$fGBP46.00$g0$hP$5Uk
=CFI  2\$aPrevious copyright fee: GBP28.00$c35\0$e01-jan-2019$fGBP28.00$g0$hP$5Uk
=FFP  \\$aY$bBLDSS-3PM
=FIN  \\$aY$d20120320
=LKR  \\$aANA$b013345073$lBLL01$nPsycho-oncology$mAbstracts of the IPOS 13th world congress of psycho-oncology$r773$y2011$v20$i2$psn
=TCO  \\$aCLA$bCLA$c008
=UNO  \\$aY
=LAS  \\$aIPL-CLA$b00$c20191231$lBLL01$h2031

