=LDR  02758caa a22006497a 4500
=001  016055178
=003  Uk
=005  20230209010558.0
=006  m\\\\||\\d\|\\\\\\
=007  cr\|||||||||||
=008  120323s2011\\\\xxu\\\\\o\\\\|1|0\0|eng\\
=FMT  \\$a  BK
=040  \\$aUk$beng$cUk
=CNF  \\$aAmerican Association for the Study of Liver Diseases (Annual meeting)$n(62nd :$d2011 Oct :$cSan Francisco, CA)
=245  00$aAbstracts of the 59th annual meeting of the American Association for the Study of Liver Diseases 62nd annual meeting$h[electronic resource] :$bNovember 4-8, 2011, San Francisco, California, USA (AASLD).
=260  \\$bWiley,$c2011.
=300  \\$a1 online resource (p. 32A-1513A)
=336  \\$atext$2rdacontent
=337  \\$acomputer$2rdamedia
=338  \\$aonline resource$2rdacarrier
=591  \\$aAbstracts.
=595  \\$aESTAR title.
=540  \\$aCurrent Copyright Fee: GBP39.00$c20\0$5Uk
=653  1\$aLiver diseases
=653  2\$aAASLD
=710  2\$aAmerican Association for the Study of Liver Diseases.
=773  0\$tHepatology$gVol. 54 suppl. 1 (Oct 2011)
=856  \\$31850-9999$uhttp://onlinelibrary.wiley.com/$xBLDSS
=852  41$aBritish Library$bHMNTS$jELD Digital store
=852  41$aBritish Library$bDSC$j4295.836000
=945  \\$aHepatology -Baltimore then Orlando-, ISSN 1527-3350 ; vol 54 suppl 1 2011
=CAT  \\$a6933$b40$c20120323$lBLL01$h0933
=CAT  \\$a6933$b40$c20120323$lBLL01$h0934
=CAT  \\$aBATCH-CLA$b00$c20120928$lBLL01$h1829
=CAT  \\$aBATCH-CLA$b00$c20120930$lBLL01$h1032
=CAT  \\$aBATCH-CLA$b00$c20130508$lBLL01$h0717
=CAT  \\$aBATCH-CLA$b00$c20140125$lBLL01$h1317
=CAT  \\$aBATCH-CLA$c20140225$lBLL01$h2340
=CAT  \\$aBLDSS-3PM$b00$c20141214$lBLL01$h1527
=CAT  \\$aBATCH-UPD$b00$c20150215$lBLL01$h1705
=CAT  \\$aIPL-CLA$c20150228$lBLL01$h2057
=CAT  \\$aBATCH-UPD$b00$c20160517$lBLL01$h1709
=CAT  \\$aBATCH-UPD$b00$c20180219$lBLL01$h1755
=CAT  \\$aBATCH-UPD$b00$c20181121$lBLL01$h1626
=CAT  \\$aBATCH-CLA$b00$c20181122$lBLL01$h0131
=CAT  \\$a12500$b40$c20190208$lBLL01$h1641
=CAT  \\$aBATCH-CLA$b00$c20190209$lBLL01$h0107
=CAT  \\$aBATCH-CLA$b00$c20191128$lBLL01$h0121
=CAT  \\$aIPL-CLA$c20191231$lBLL01$h2031
=CAT  \\$aBATCH-CLA$b00$c20230209$lBLL01$h0105
=CFI  0\$aCurrent Copyright Fee: GBP39.00$c20\0$e08-feb-2023$fGBP39.00$g0$hP$5Uk
=FFP  \\$aY$bBLDSS-3PM
=FIN  \\$aY$d20120323
=LKR  \\$aANA$b013347396$lBLL01$nHepatology$r773$y2011$v54$i1$psn$mAbstracts of the 59th annual meeting of the American Association for the Study of Liver Diseases 62nd annual meeting
=TCO  \\$aTRS$bCCC$c008
=UNO  \\$aY
=LAS  \\$aBATCH-CLA$b00$c20230209$lBLL01$h0105

