=LDR  02962caa a22007097a 4500
=001  016059405
=003  Uk
=005  20191231203111.0
=006  m\\\\||\\d\|\\\\\\
=007  cr\|||||||||||
=008  120330s2010\\\\enk\\\\\o\\\\|1|0\0|eng\\
=FMT  \\$a  BK
=040  \\$aUk$beng$cUk
=CNF  \\$aSociety for the Study of Behavioural Phenotypes (International research symposium)$n(13th :$d2010 Oct :$cPavia, Italy)
=245  00$a13th SSBP international research symposium$h[electronic resource] :$bvariability in genetic syndromes : some lessons from history.
=260  \\$bBlackwell,$c2010.
=300  \\$a1 online resource (p. 877-942)
=336  \\$atext$2rdacontent
=337  \\$acomputer$2rdamedia
=338  \\$aonline resource$2rdacarrier
=591  \\$aAbstracts.
=595  \\$aESTAR title.
=540  \\$aCurrent Copyright Fee: GBP39.00$c35\0$5Uk
=653  1\$aBehavioural phenotypes
=653  1\$aSSBP
=653  1\$aGenetic syndromes
=710  2\$aSociety for the Study of Behavioural Phenotypes.
=773  0\$tJOURNAL OF INTELLECTUAL DISABILITY RESEARCH$gVol. 54 no. 10 (Oct. 2010)
=856  \\$31850-9999$uhttp://onlinelibrary.wiley.com/$xBLDSS
=852  41$aBritish Library$bHMNTS$jELD Digital store
=852  41$aBritish Library$bDSC$j5007.538440
=945  \\$aJournal of intellectual disability research, ISSN 0964-2633 ; vol 54 no 10 2010
=CAT  \\$a6933$b40$c20120330$lBLL01$h1511
=CAT  \\$aBATCH-CLA$b00$c20120928$lBLL01$h1839
=CAT  \\$aBATCH-CLA$b00$c20120930$lBLL01$h1052
=CAT  \\$aBATCH-CLA$b00$c20130508$lBLL01$h0740
=CAT  \\$aBATCH-CLA$b00$c20140125$lBLL01$h1314
=CAT  \\$aBATCH-CLA$b00$c20140202$lBLL01$h0149
=CAT  \\$aBATCH-CLA$c20140225$lBLL01$h2340
=CAT  \\$aBLDSS-3PM$b00$c20141214$lBLL01$h1527
=CAT  \\$aBATCH-UPD$b00$c20150215$lBLL01$h1637
=CAT  \\$aIPL-CLA$c20150228$lBLL01$h2057
=CAT  \\$aBATCH-UPD$b00$c20160615$lBLL01$h0323
=CAT  \\$aBATCH-CLA$b00$c20160616$lBLL01$h0139
=CAT  \\$aW1703-0316$c20170306$lBLL01$h1827
=CAT  \\$aW1703-0316$c20170307$lBLL01$h1650
=CAT  \\$aIPL-CLA$c20170307$lBLL01$h1825
=CAT  \\$aBATCH-UPD$b00$c20180219$lBLL01$h1755
=CAT  \\$aBATCH-UPD$b00$c20181121$lBLL01$h1626
=CAT  \\$aBATCH-CLA$b00$c20181122$lBLL01$h0140
=CAT  \\$aBATCH-CLA$b00$c20181122$lBLL01$h0149
=CAT  \\$aIPL-CLA$c20181231$lBLL01$h1552
=CAT  \\$aBATCH-CLA$b00$c20191128$lBLL01$h0121
=CAT  \\$aIPL-CLA$c20191231$lBLL01$h2031
=CFI  0\$aCurrent Copyright Fee: GBP39.00$c35\0$e01-jan-2020$fGBP39.00$g0$hP$5Uk
=CFI  2\$aPrevious copyright fee: GBP28.00$c35\0$e01-jan-2019$fGBP28.00$g0$hP$5Uk
=FFP  \\$aY$bBLDSS-3PM
=FIN  \\$aY$d20120330
=LKR  \\$aANA$b012433923$lBLL01$nJOURNAL OF INTELLECTUAL DISABILITY RESEARCH$m13th SSBP international research symposium$r773$y2010$v54$i10
=TCO  \\$aCLA$bCLA$c008
=UNO  \\$aY
=LAS  \\$aIPL-CLA$b00$c20191231$lBLL01$h2031

