=LDR  03152caa a22007577a 4500
=001  016075165
=003  Uk
=005  20211231173237.0
=006  m\\\\||\\d\|\\\\\\
=007  cr\|||||||||||
=008  120427s2011\\\\xxu\\\\\o\\\\|1|0\0|eng\\
=FMT  \\$a  BK
=040  \\$aUk$beng$cUk
=CNF  \\$aSpanish Society of Pharmacology (Conference)$n(33rd :$d2011 Oct :$cMalaga, Spain)
=245  00$aAbstracts of the XXXII conference of the Spanish Society of Pharmacology$h[electronic resource].
=260  \\$bWiley,$c2011.
=300  \\$a1 online resource (p. 1-72)
=336  \\$atext$2rdacontent
=337  \\$acomputer$2rdamedia
=338  \\$aonline resource$2rdacarrier
=591  \\$aAbstracts.
=595  \\$aESTAR title.
=540  \\$aCurrent copyright fee: GBP46.00$c35\0$5Uk
=653  1\$aPharmacology
=710  2\$aSpanish Society of Pharmacology.
=773  0\$tBasic & clinical pharmacology & toxicology$gVol. 109, suppl. 2 (Oct. 2011)
=856  \\$31850-9999$uhttp://onlinelibrary.wiley.com/$xBLDSS
=852  41$aBritish Library$bSTI$jELD Digital store
=852  41$aBritish Library$bDSC$j1863.914250
=945  \\$aBasic and clinical pharmacology and toxicology, ISSN 1742-7843; vol 109 suppl 2 2011
=CAT  \\$a6933$b40$c20120427$lBLL01$h1727
=CAT  \\$a6933$b40$c20120427$lBLL01$h1731
=CAT  \\$aBATCH-CLA$b00$c20120928$lBLL01$h1833
=CAT  \\$aBATCH-CLA$b00$c20120930$lBLL01$h1040
=CAT  \\$aBATCH-CLA$b00$c20130508$lBLL01$h0726
=CAT  \\$aBATCH-CLA$b00$c20130602$lBLL01$h0156
=CAT  \\$aBATCH-CLA$b00$c20140125$lBLL01$h1306
=CAT  \\$aBATCH-CLA$b00$c20140202$lBLL01$h0149
=CAT  \\$aBATCH-CLA$c20140225$lBLL01$h2340
=CAT  \\$aBLDSS-3PM$b00$c20141214$lBLL01$h1527
=CAT  \\$aBATCH-UPD$b00$c20150215$lBLL01$h1637
=CAT  \\$aIPL-CLA$c20150228$lBLL01$h2057
=CAT  \\$aBATCH-UPD$b00$c20160605$lBLL01$h1002
=CAT  \\$a10969$b40$c20160915$lBLL01$h1442
=CAT  \\$aW1703-0316$c20170306$lBLL01$h1827
=CAT  \\$aW1703-0316$c20170307$lBLL01$h1650
=CAT  \\$aIPL-CLA$c20170307$lBLL01$h1825
=CAT  \\$aBATCH-UPD$b00$c20180219$lBLL01$h1755
=CAT  \\$aBATCH-UPD$b00$c20181121$lBLL01$h1626
=CAT  \\$aBATCH-CLA$b00$c20181122$lBLL01$h0136
=CAT  \\$aBATCH-CLA$b00$c20181122$lBLL01$h0149
=CAT  \\$aIPL-CLA$c20181231$lBLL01$h1552
=CAT  \\$aBATCH-CLA$b00$c20191128$lBLL01$h0121
=CAT  \\$aIPL-CLA$c20191231$lBLL01$h2031
=CAT  \\$aBATCH-CLA$b00$c20211210$lBLL01$h0108
=CAT  \\$aIPL-CLA$c20211231$lBLL01$h1732
=CFI  0\$aCurrent copyright fee: GBP46.00$c35\0$e01-jan-2022$fGBP46.00$g0$hP$5Uk
=CFI  2\$aPrevious Copyright Fee: GBP32.00$c35\0$e01-jan-2020$fGBP32.00$g0$hP$5Uk
=FFP  \\$aY$bBLDSS-3PM
=FIN  \\$aY$d20120427
=LKR  \\$aANA$b012432189$lBLL01$nBasic & clinical pharmacology & toxicology$mAbstracts of the XXXII conference of the Spanish Society of Pharmacology$r773$y2011$v109$i2$psn
=TCO  \\$aCLA$bCLA$c008
=TCO  \\$aXXX$c008
=UNO  \\$aY
=ACF  \\$aPrevious Copyright Fee: GBP22.00$c10\0$e01-jan-2006$fGBP22.00$g0$hP$5Uk
=LAS  \\$aIPL-CLA$b00$c20211231$lBLL01$h1732

