=LDR  03024caa a22007217a 4500
=001  016080358
=003  Uk
=005  20191231203134.0
=006  m\\\\||\\d\|\\\\\\
=007  cr\|||||||||||
=008  120504s2010\\\\xxu\\\\\o\\\\|1|0\0|eng\\
=FMT  \\$a  BK
=040  \\$aUk$beng$cUk
=CNF  \\$aEuropean Federation of Neurological Societies (Congress)$n(14th :$d2010 Sep :$cGeneva, Switzerland)
=245  00$aAbstracts of the 14th congress of the EFNS (European Federation of Neurological Societies)$h[electronic resource] :$bGeneva, Switzerland, September 26-28, 2010.
=260  \\$bBlackwell,$c2010.
=300  \\$a1 online resource (p. 1-692)
=336  \\$atext$2rdacontent
=337  \\$acomputer$2rdamedia
=338  \\$aonline resource$2rdacarrier
=591  \\$aAbstracts.
=595  \\$aESTAR title.
=540  \\$aCurrent Copyright Fee: GBP46.00$c35\0$5Uk
=653  1\$aNeurological
=653  1\$aEFNS
=710  2\$aEuropean Federation of Neurological Societies.
=773  0\$tEuropean journal of neurology$gVol. 17, suppl. 3 (Sept. 2010)
=856  \\$31850-9999$uhttp://onlinelibrary.wiley.com/$xBLDSS
=852  41$aBritish Library$bSTI$jELD Digital store
=852  41$aBritish Library$bDSC$j3829.731680
=945  \\$aEuropean journal of neurology ; vol 17 suppl 3 2010
=CAT  \\$a6933$b40$c20120504$lBLL01$h0807
=CAT  \\$aBATCH-CLA$b00$c20120928$lBLL01$h1828
=CAT  \\$aBATCH-CLA$b00$c20120930$lBLL01$h1031
=CAT  \\$aBATCH-CLA$b00$c20130508$lBLL01$h0715
=CAT  \\$aBATCH-CLA$b00$c20140125$lBLL01$h1259
=CAT  \\$aBATCH-CLA$b00$c20140205$lBLL01$h0050
=CAT  \\$aBATCH-CLA$c20140225$lBLL01$h2340
=CAT  \\$aBLDSS-3PM$b00$c20141214$lBLL01$h1527
=CAT  \\$aBATCH-UPD$b00$c20150215$lBLL01$h1637
=CAT  \\$aIPL-CLA$c20150228$lBLL01$h2057
=CAT  \\$aBATCH-UPD$b00$c20160607$lBLL01$h1925
=CAT  \\$aBATCH-CLA$b00$c20160608$lBLL01$h0141
=CAT  \\$a10969$b40$c20161114$lBLL01$h1550
=CAT  \\$aBATCH-CLA$b00$c20161115$lBLL01$h0110
=CAT  \\$aW1703-0316$c20170306$lBLL01$h1827
=CAT  \\$aW1703-0316$c20170307$lBLL01$h1650
=CAT  \\$aIPL-CLA$c20170307$lBLL01$h1825
=CAT  \\$aBATCH-UPD$b00$c20180219$lBLL01$h1755
=CAT  \\$aBATCH-UPD$b00$c20181121$lBLL01$h1626
=CAT  \\$aBATCH-CLA$b00$c20181122$lBLL01$h0130
=CAT  \\$aBATCH-CLA$b00$c20181122$lBLL01$h0149
=CAT  \\$aIPL-CLA$c20181231$lBLL01$h1552
=CAT  \\$aBATCH-CLA$b00$c20191128$lBLL01$h0121
=CAT  \\$aIPL-CLA$c20191231$lBLL01$h2031
=CFI  0\$aCurrent Copyright Fee: GBP46.00$c35\0$e01-jan-2020$fGBP46.00$g0$hP$5Uk
=CFI  2\$aPrevious copyright fee: GBP28.00$c35\0$e01-jan-2019$fGBP28.00$g0$hP$5Uk
=FFP  \\$aY$bBLDSS-3PM
=FIN  \\$aY$d20120504
=LKR  \\$aANA$b012432901$lBLL01$nEuropean journal of neurology$mAbstracts of the 14th congress of the EFNS (European Federation of Neurological Societies)$r773$y2010$v17$i3$psn
=TCO  \\$aCLA$bCLA$c008
=UNO  \\$aY
=LAS  \\$aIPL-CLA$b00$c20191231$lBLL01$h2031

