=LDR  02220 am a22005537a 4500
=001  014552396
=003  Uk
=005  20200806010302.0
=008  071119e200711uuxxk\\\\|r|||||||0|0\eng|d
=FMT  \\$a  BK
=020  \\$a9780853582410 (pbk.) :$c£ 20.00
=020  \\$a0853582416 (pbk.) :$c£ 20.00
=040  \\$aUK-WkNB$beng$cUK-WkNB
=245  10$aTerror and psychoanalysis :$bSpecial edition of Nottingham French studies /$cEdited by Lynsey Russell-Watts, Lisa Walsh.
=260  \\$aNottingham :$bUniversity of Nottingham,$c2007.
=300  \\$a135 pages ;$c24 x 17 cm.
=336  \\$atext$2rdacontent
=337  \\$aunmediated$2rdamedia
=338  \\$avolume$2rdacarrier
=490  1\$aNottingham French studies ;$vv. 46, No. 3,$x0029-4586
=500  \\$aPaperback.
=540  \\$aCurrent copyright fee: GBP15.00$c121\0$5Uk
=700  1\$aRussell-Watts, Lynsey.
=700  1\$aWalsh, Lisa.
=830  \0$aNottingham French studies ;$vv. 46, No. 3,$x0029-4586
=856  \\$31850-9999$uhttp://www.euppublishing.com/journals$xBLDSS
=852  41$aBritish Library$bHMNTS$jAc.2673.b/20.
=852  41$aBritish Library$bHMNTS$jDigital store
=852  41$aBritish Library$bHMNTS$jWilson 429
=852  41$aBritish Library$bDSC$j6175.650000
=CAT  \\$aBATCH-CMLD$b00$c20080312$lBLL01$h1553
=CAT  \\$aBATCH$b00$c20080312$lBLL01$h1608
=CAT  \\$aBATCH$b00$c20080312$lBLL01$h1732
=CAT  \\$aBATCH-UPD$b00$c20080314$lBLL01$h1546
=CAT  \\$aBATCH-UPD$b00$c20080328$lBLL01$h1519
=CAT  \\$aWR16_021$c20160619$lBLL01$h1804
=CAT  \\$aBATCH-016$c20170430$lBLL01$h1607
=CAT  \\$aW1706-0374$c20170608$lBLL01$h1719
=CAT  \\$aW1903-0505$b00$c20190423$lBLL01$h1717
=CAT  \\$a6550$b40$c20200727$lBLL01$h1616
=CAT  \\$aBATCH-CLA$b00$c20200728$lBLL01$h0102
=CAT  \\$aBLDSS-3PM$b00$c20200805$lBLL01$h0857
=CAT  \\$aBATCH-UPD$b00$c20200805$lBLL01$h0857
=CAT  \\$aBATCH-CLA$b00$c20200806$lBLL01$h0103
=CFI  0\$aCurrent copyright fee: GBP15.00$c121\0$e01-jan-2017$fGBP15.00$g0$hP$5Uk
=FFP  \\$aY$bBLDSS-3PM
=SRC  \\$aNielsen Bookdata
=366  \\$b20071100$cIP$jGB$kxxk$mPublisher data keyed manually$2UK-WkNB
=LAS  \\$aBATCH-CLA$b00$c20200806$lBLL01$h0103

